Date,Tax Effect Of Unusual Items,Tax Rate For Calcs,Normalized EBITDA,Total Unusual Items,Total Unusual Items Excluding Goodwill,Net Income From Continuing Operation Net Minority Interest,Reconciled Depreciation,Reconciled Cost Of Revenue,EBITDA,EBIT,Net Interest Income,Interest Expense,Interest Income,Normalized Income,Net Income From Continuing And Discontinued Operation,Total Expenses,Total Operating Income As Reported,Diluted Average Shares,Basic Average Shares,Diluted EPS,Basic EPS,Diluted NI Availto Com Stockholders,Average Dilution Earnings,Net Income Common Stockholders,Net Income,Net Income Including Noncontrolling Interests,Net Income Continuous Operations,Tax Provision,Pretax Income,Other Income Expense,Special Income Charges,Write Off,Earnings From Equity Interest,Gain On Sale Of Security,Net Non Operating Interest Income Expense,Total Other Finance Cost,Interest Expense Non Operating,Interest Income Non Operating,Operating Income,Operating Expense,Other Operating Expenses,Research And Development,Selling General And Administration,Selling And Marketing Expense,General And Administrative Expense,Other Gand A,Gross Profit,Cost Of Revenue,Total Revenue,Operating Revenue,Ticker,Other Non Operating Income Expenses,Earnings From Equity Interest Net Of Tax,Other Special Charges,Depreciation Amortization Depletion Income Statement,Depreciation And Amortization In Income Statement,Amortization,Amortization Of Intangibles Income Statement,Restructuring And Mergern Acquisition,Otherunder Preferred Stock Dividend,Minority Interests,Gain On Sale Of Ppe,Salaries And Wages,Rent Expense Supplemental,Gain On Sale Of Business,Impairment Of Capital Assets
2023-06-30,-2850000.0,0.19,105155000000.0,-15000000.0,-15000000.0,72361000000.0,13861000000.0,65863000000.0,105140000000.0,91279000000.0,1026000000.0,1968000000.0,2994000000.0,72373150000.0,72361000000.0,123392000000.0,88523000000.0,7472000000.0,7446000000.0,9.68,9.72,72361000000.0,,72361000000.0,72361000000.0,72361000000.0,72361000000.0,16950000000.0,89311000000.0,-238000000.0,-30000000.0,30000000.0,,15000000.0,1026000000.0,,1968000000.0,2994000000.0,88523000000.0,57529000000.0,,27195000000.0,30334000000.0,22759000000.0,7575000000.0,7575000000.0,146052000000.0,65863000000.0,211915000000.0,211915000000.0,MSFT,-223000000.0,,,,,,,,,,,,,,
2022-06-30,43420000.0,0.13,99905000000.0,334000000.0,334000000.0,72738000000.0,14460000000.0,62650000000.0,100239000000.0,85779000000.0,31000000.0,2063000000.0,2094000000.0,72447420000.0,72738000000.0,114887000000.0,83383000000.0,7540000000.0,7496000000.0,9.65,9.7,72738000000.0,,72738000000.0,72738000000.0,72738000000.0,72738000000.0,10978000000.0,83716000000.0,302000000.0,-101000000.0,101000000.0,,435000000.0,31000000.0,,2063000000.0,2094000000.0,83383000000.0,52237000000.0,,24512000000.0,27725000000.0,21825000000.0,5900000000.0,5900000000.0,135620000000.0,62650000000.0,198270000000.0,198270000000.0,MSFT,-32000000.0,,,,,,,,,,,,,,
2021-06-30,180160797.164637,0.138266,83831000000.0,1303000000.0,1303000000.0,61271000000.0,11686000000.0,52232000000.0,85134000000.0,73448000000.0,-215000000.0,2346000000.0,2131000000.0,60148160797.164635,61271000000.0,98172000000.0,69916000000.0,7608000000.0,7547000000.0,8.05,8.12,61271000000.0,,61271000000.0,61271000000.0,61271000000.0,61271000000.0,9831000000.0,71102000000.0,1401000000.0,-13000000.0,13000000.0,,1316000000.0,-215000000.0,,2346000000.0,2131000000.0,69916000000.0,45940000000.0,,20716000000.0,25224000000.0,20117000000.0,5107000000.0,5107000000.0,115856000000.0,52232000000.0,168088000000.0,168088000000.0,MSFT,98000000.0,,,,,,,,,,,,,,
2020-06-30,4760000.0,0.17,68395000000.0,28000000.0,28000000.0,44281000000.0,12796000000.0,46078000000.0,68423000000.0,55627000000.0,89000000.0,2591000000.0,2680000000.0,44257760000.0,44281000000.0,90056000000.0,52959000000.0,7683000000.0,7610000000.0,5.76,5.82,44281000000.0,,44281000000.0,44281000000.0,44281000000.0,44281000000.0,8755000000.0,53036000000.0,-12000000.0,-133000000.0,133000000.0,,161000000.0,89000000.0,,2591000000.0,2680000000.0,52959000000.0,43978000000.0,,19269000000.0,24709000000.0,19598000000.0,5111000000.0,5111000000.0,96937000000.0,46078000000.0,143015000000.0,143015000000.0,MSFT,-40000000.0,,,,,,,,,,,,,,
2023-12-31,22918918.918919,0.286486,-88000000.0,80000000.0,80000000.0,132000000.0,70000000.0,3545000000.0,-8000000.0,-78000000.0,241000000.0,,241000000.0,74918918.918919,132000000.0,7138000000.0,-1418000000.0,1295511385.0,1281554559.0,0.1,0.1,133000000.0,1000000.0,132000000.0,132000000.0,132000000.0,132000000.0,53000000.0,185000000.0,22000000.0,-1340000000.0,1340000000.0,-58000000.0,1420000000.0,241000000.0,,,241000000.0,-78000000.0,3593000000.0,152000000.0,1730000000.0,1711000000.0,1220000000.0,491000000.0,491000000.0,3515000000.0,3545000000.0,7060000000.0,7060000000.0,SHOP,,,,,,,,,,,,,,,
2022-12-31,-129392216.395253,0.04499,2147000000.0,-2876000000.0,-2876000000.0,-3460000000.0,93000000.0,2846000000.0,-729000000.0,-822000000.0,75000000.0,1150000.0,75000000.0,-713392216.395253,-3460000000.0,6422000000.0,-822000000.0,1266268155.0,1266268155.0,-2.73,-2.73,-3460000000.0,0.0,-3460000000.0,-3460000000.0,-3460000000.0,-3460000000.0,-163000000.0,-3623000000.0,-2876000000.0,0.0,0.0,0.0,-2876000000.0,75000000.0,2349000.0,1150000.0,75000000.0,-822000000.0,3576000000.0,135000000.0,1503000000.0,1938000000.0,1230000000.0,708000000.0,708000000.0,2754000000.0,2846000000.0,5600000000.0,5600000000.0,SHOP,,,,,,,,,,,,,,,
2021-12-31,205753504.510615,0.07194,347964000.0,2860086000.0,2860086000.0,2914659000.0,66308000.0,2130712000.0,3208050000.0,3141742000.0,11863000.0,1150000.0,15356000.0,260326504.510615,2914659000.0,4343213000.0,268643000.0,1273647350.0,1246588910.0,2.29,2.34,2917226000.0,2567000.0,2914659000.0,2914659000.0,2914659000.0,2914659000.0,225933000.0,3140592000.0,2860086000.0,,,,2860086000.0,11863000.0,2343000.0,1150000.0,15356000.0,268643000.0,2212501000.0,81717000.0,854383000.0,1276401000.0,901557000.0,374844000.0,374844000.0,2481144000.0,2130712000.0,4611856000.0,4611856000.0,SHOP,,,,,,,,,,,,,,,
2020-12-31,36003430.0,0.265,183137000.0,135862000.0,135862000.0,319509000.0,70060000.0,1387971000.0,318999000.0,248939000.0,14349000.0,8575000.0,23434000.0,219650430.0,319509000.0,2839338000.0,90153000.0,1234632740.0,1195697050.0,0.259,0.267,319509000.0,0.0,319509000.0,319509000.0,319509000.0,319509000.0,-79145000.0,240364000.0,135862000.0,,,,135862000.0,14349000.0,510000.0,8575000.0,23434000.0,90153000.0,1451367000.0,51849000.0,552127000.0,847391000.0,602048000.0,245343000.0,245343000.0,1541520000.0,1387971000.0,2929491000.0,2929491000.0,SHOP,,,,,,,,,,,,,,,
2023-12-31,0.0,0.21,4149000000.0,0.0,0.0,854000000.0,3551000000.0,10538000000.0,4149000000.0,598000000.0,100000000.0,106000000.0,206000000.0,854000000.0,854000000.0,22279000000.0,401000000.0,1625000000.0,1614000000.0,0.53,0.53,854000000.0,,854000000.0,854000000.0,854000000.0,854000000.0,-346000000.0,492000000.0,-9000000.0,0.0,,-1000000.0,,100000000.0,,106000000.0,206000000.0,401000000.0,10059000000.0,-34000000.0,5872000000.0,2352000000.0,,,,10460000000.0,12220000000.0,22680000000.0,22680000000.0,AMD,-8000000.0,16000000.0,,1869000000.0,1869000000.0,1869000000.0,1869000000.0,,,,,,,,
2022-12-31,0.0,0.21,5534000000.0,0.0,0.0,1320000000.0,4262000000.0,10836000000.0,5534000000.0,1272000000.0,-23000000.0,88000000.0,65000000.0,1320000000.0,1320000000.0,22337000000.0,1264000000.0,1571000000.0,1561000000.0,0.84,0.85,1320000000.0,0.0,1320000000.0,1320000000.0,1320000000.0,1320000000.0,-122000000.0,1184000000.0,-57000000.0,0.0,,-62000000.0,,-23000000.0,,88000000.0,65000000.0,1264000000.0,9339000000.0,-102000000.0,5005000000.0,2336000000.0,,,,10603000000.0,12998000000.0,23601000000.0,23601000000.0,AMD,5000000.0,14000000.0,,2100000000.0,2100000000.0,2100000000.0,2100000000.0,,,,,,,,
2021-12-31,-978740.801308,0.13982,4173000000.0,-7000000.0,-7000000.0,3162000000.0,463000000.0,8042000000.0,4166000000.0,3703000000.0,-26000000.0,34000000.0,8000000.0,3168021259.198692,3162000000.0,12786000000.0,3648000000.0,1229000000.0,1213000000.0,2.57,2.61,3162000000.0,0.0,3162000000.0,3162000000.0,3162000000.0,3162000000.0,513000000.0,3669000000.0,47000000.0,-7000000.0,,56000000.0,,-26000000.0,,34000000.0,8000000.0,3648000000.0,4281000000.0,-12000000.0,2845000000.0,1448000000.0,,,,7929000000.0,8505000000.0,16434000000.0,16434000000.0,AMD,-2000000.0,6000000.0,7000000.0,0.0,0.0,0.0,0.0,,,,,,,,
2020-12-31,-14580000.0,0.27,1730000000.0,-54000000.0,-54000000.0,2490000000.0,354000000.0,5062000000.0,1676000000.0,1322000000.0,-39000000.0,47000000.0,8000000.0,2529420000.0,2490000000.0,8394000000.0,1369000000.0,1207000000.0,1184000000.0,2.06,2.1,2491000000.0,1000000.0,2490000000.0,2490000000.0,2490000000.0,2490000000.0,-1210000000.0,1275000000.0,-55000000.0,-54000000.0,,2000000.0,,-39000000.0,,47000000.0,8000000.0,1369000000.0,2978000000.0,,1983000000.0,995000000.0,,,,4347000000.0,5416000000.0,9763000000.0,9763000000.0,AMD,-3000000.0,5000000.0,54000000.0,0.0,0.0,0.0,0.0,,,,,,,,
2024-01-31,0.0,0.12,35583000000.0,0.0,0.0,29760000000.0,1508000000.0,16621000000.0,35583000000.0,34075000000.0,609000000.0,257000000.0,866000000.0,29760000000.0,29760000000.0,27950000000.0,32972000000.0,2494000000.0,2469000000.0,11.93,12.05,29760000000.0,,29760000000.0,29760000000.0,29760000000.0,29760000000.0,4058000000.0,33818000000.0,237000000.0,0.0,,,,609000000.0,,257000000.0,866000000.0,32972000000.0,11329000000.0,,8675000000.0,2654000000.0,,,,44301000000.0,16621000000.0,60922000000.0,60922000000.0,NVDA,237000000.0,,,,,,,0.0,,,,,,,
2023-01-31,-284130000.0,0.21,7340000000.0,-1353000000.0,-1353000000.0,4368000000.0,1544000000.0,11618000000.0,5987000000.0,4443000000.0,5000000.0,262000000.0,267000000.0,5436870000.0,4368000000.0,21397000000.0,4224000000.0,2507000000.0,2487000000.0,1.74,1.76,4368000000.0,,4368000000.0,4368000000.0,4368000000.0,4368000000.0,-187000000.0,4181000000.0,-1401000000.0,-1353000000.0,,,,5000000.0,,262000000.0,267000000.0,5577000000.0,9779000000.0,,7339000000.0,2440000000.0,,,,15356000000.0,11618000000.0,26974000000.0,26974000000.0,NVDA,-48000000.0,,,,,,,1353000000.0,,,,,,,
2022-01-31,0.0,0.019,11351000000.0,0.0,0.0,9752000000.0,1174000000.0,9439000000.0,11351000000.0,10177000000.0,-207000000.0,236000000.0,29000000.0,9752000000.0,9752000000.0,16873000000.0,10041000000.0,2535000000.0,2496000000.0,3.85,3.91,9752000000.0,,9752000000.0,9752000000.0,9752000000.0,9752000000.0,189000000.0,9941000000.0,107000000.0,0.0,,,,-207000000.0,,236000000.0,29000000.0,10041000000.0,7434000000.0,,5268000000.0,2166000000.0,,,,17475000000.0,9439000000.0,26914000000.0,26914000000.0,NVDA,107000000.0,,,,,,,0.0,,,,,,,
2021-01-31,0.0,0.017,5691000000.0,0.0,0.0,4332000000.0,1098000000.0,6279000000.0,5691000000.0,4593000000.0,-127000000.0,184000000.0,57000000.0,4332000000.0,4332000000.0,12143000000.0,4532000000.0,2512000000.0,2468000000.0,1.725,1.755,4332000000.0,,4332000000.0,4332000000.0,4332000000.0,4332000000.0,77000000.0,4409000000.0,4000000.0,0.0,,,,-127000000.0,,184000000.0,57000000.0,4532000000.0,5864000000.0,,3924000000.0,1940000000.0,,,,10396000000.0,6279000000.0,16675000000.0,16675000000.0,NVDA,4000000.0,,,,,,,0.0,,,,,,,
2023-09-30,0.0,0.147,129188000000.0,,,96995000000.0,11519000000.0,214137000000.0,129188000000.0,117669000000.0,-183000000.0,3933000000.0,3750000000.0,96995000000.0,96995000000.0,268984000000.0,114301000000.0,15812547000.0,15744231000.0,6.13,6.16,96995000000.0,,96995000000.0,96995000000.0,96995000000.0,96995000000.0,16741000000.0,113736000000.0,-382000000.0,,,,,-183000000.0,,3933000000.0,3750000000.0,114301000000.0,54847000000.0,,29915000000.0,24932000000.0,,,,169148000000.0,214137000000.0,383285000000.0,383285000000.0,AAPL,-382000000.0,,,,,,,,,,,,,,
2022-09-30,0.0,0.162,133138000000.0,,,99803000000.0,11104000000.0,223546000000.0,133138000000.0,122034000000.0,-106000000.0,2931000000.0,2825000000.0,99803000000.0,99803000000.0,274891000000.0,119437000000.0,16325819000.0,16215963000.0,6.11,6.15,99803000000.0,,99803000000.0,99803000000.0,99803000000.0,99803000000.0,19300000000.0,119103000000.0,-228000000.0,,,,,-106000000.0,,2931000000.0,2825000000.0,119437000000.0,51345000000.0,,26251000000.0,25094000000.0,,,,170782000000.0,223546000000.0,394328000000.0,394328000000.0,AAPL,-228000000.0,,,,,,,,,,,,,,
2021-09-30,0.0,0.133,123136000000.0,,,94680000000.0,11284000000.0,212981000000.0,123136000000.0,111852000000.0,198000000.0,2645000000.0,2843000000.0,94680000000.0,94680000000.0,256868000000.0,108949000000.0,16864919000.0,16701272000.0,5.61,5.67,94680000000.0,,94680000000.0,94680000000.0,94680000000.0,94680000000.0,14527000000.0,109207000000.0,60000000.0,,,,,198000000.0,,2645000000.0,2843000000.0,108949000000.0,43887000000.0,,21914000000.0,21973000000.0,,,,152836000000.0,212981000000.0,365817000000.0,365817000000.0,AAPL,60000000.0,,,,,,,,,,,,,,
2020-09-30,0.0,0.144,81020000000.0,,,57411000000.0,11056000000.0,169559000000.0,81020000000.0,69964000000.0,890000000.0,2873000000.0,3763000000.0,57411000000.0,57411000000.0,208227000000.0,66288000000.0,17528214000.0,17352119000.0,3.28,3.31,57411000000.0,,57411000000.0,57411000000.0,57411000000.0,57411000000.0,9680000000.0,67091000000.0,-87000000.0,,,,,890000000.0,,2873000000.0,3763000000.0,66288000000.0,38668000000.0,,18752000000.0,19916000000.0,,,,104956000000.0,169559000000.0,274515000000.0,274515000000.0,AAPL,-87000000.0,,,,,,,,,,,,,,
2023-01-31,-6090000.0,0.21,-647000000.0,-29000000.0,-29000000.0,-815000000.0,114000000.0,546000000.0,-676000000.0,-790000000.0,11000000.0,11000000.0,22000000.0,-792090000.0,-815000000.0,2641000000.0,-812000000.0,158023000.0,158023000.0,-5.16,-5.16,-815000000.0,,-815000000.0,-815000000.0,-815000000.0,-815000000.0,14000000.0,-801000000.0,-29000000.0,-29000000.0,,,,11000000.0,,11000000.0,22000000.0,-783000000.0,2095000000.0,,620000000.0,1475000000.0,1066000000.0,409000000.0,409000000.0,1312000000.0,546000000.0,1858000000.0,1858000000.0,OKTA,,,,,,,,29000000.0,,,,,,,
2022-01-31,0.0,0.002,-651000000.0,0.0,0.0,-848000000.0,108000000.0,396000000.0,-651000000.0,-759000000.0,-82000000.0,91000000.0,9000000.0,-848000000.0,-848000000.0,2068000000.0,-768000000.0,148036000.0,148036000.0,-5.73,-5.73,-848000000.0,,-848000000.0,-848000000.0,-848000000.0,-848000000.0,-2000000.0,-850000000.0,-179000.0,0.0,,,,-82000000.0,,91000000.0,9000000.0,-768000000.0,1672000000.0,,469000000.0,1203000000.0,771000000.0,432000000.0,432000000.0,904000000.0,396000000.0,1300000000.0,1300000000.0,OKTA,,,179000.0,,,,,0.0,,,,,,,
2021-01-31,-2000.0,0.001,-154000000.0,-2000000.0,-2000000.0,-266000000.0,37000000.0,218000000.0,-156000000.0,-193000000.0,-60000000.0,73000000.0,13000000.0,-264002000.0,-266000000.0,1039000000.0,-204000000.0,127212000.0,127212000.0,-2.09,-2.09,-266000000.0,,-266000000.0,-266000000.0,-266000000.0,-266000000.0,0.0,-266000000.0,-2000000.0,-2000000.0,,,,-60000000.0,,73000000.0,13000000.0,-204000000.0,821000000.0,,223000000.0,598000000.0,427000000.0,171000000.0,171000000.0,617000000.0,218000000.0,835000000.0,835000000.0,OKTA,,,2000000.0,,,,,0.0,,,,,,,
2023-12-31,22918918.918919,0.286486,-88000000.0,80000000.0,80000000.0,132000000.0,70000000.0,3545000000.0,-8000000.0,-78000000.0,241000000.0,,241000000.0,74918918.918919,132000000.0,7138000000.0,-1418000000.0,1295511385.0,1281554559.0,0.1,0.1,133000000.0,1000000.0,132000000.0,132000000.0,132000000.0,132000000.0,53000000.0,185000000.0,22000000.0,-1340000000.0,1340000000.0,-58000000.0,1420000000.0,241000000.0,,,241000000.0,-78000000.0,3593000000.0,152000000.0,1730000000.0,1711000000.0,1220000000.0,491000000.0,491000000.0,3515000000.0,3545000000.0,7060000000.0,7060000000.0,SHOP,,,,,,,,,,,,,,,
2022-12-31,-129392216.395253,0.04499,2147000000.0,-2876000000.0,-2876000000.0,-3460000000.0,93000000.0,2846000000.0,-729000000.0,-822000000.0,75000000.0,1150000.0,75000000.0,-713392216.395253,-3460000000.0,6422000000.0,-822000000.0,1266268155.0,1266268155.0,-2.73,-2.73,-3460000000.0,0.0,-3460000000.0,-3460000000.0,-3460000000.0,-3460000000.0,-163000000.0,-3623000000.0,-2876000000.0,0.0,0.0,0.0,-2876000000.0,75000000.0,2349000.0,1150000.0,75000000.0,-822000000.0,3576000000.0,135000000.0,1503000000.0,1938000000.0,1230000000.0,708000000.0,708000000.0,2754000000.0,2846000000.0,5600000000.0,5600000000.0,SHOP,,,,,,,,,,,,,,,
2021-12-31,205753504.510615,0.07194,347964000.0,2860086000.0,2860086000.0,2914659000.0,66308000.0,2130712000.0,3208050000.0,3141742000.0,11863000.0,1150000.0,15356000.0,260326504.510615,2914659000.0,4343213000.0,268643000.0,1273647350.0,1246588910.0,2.29,2.34,2917226000.0,2567000.0,2914659000.0,2914659000.0,2914659000.0,2914659000.0,225933000.0,3140592000.0,2860086000.0,,,,2860086000.0,11863000.0,2343000.0,1150000.0,15356000.0,268643000.0,2212501000.0,81717000.0,854383000.0,1276401000.0,901557000.0,374844000.0,374844000.0,2481144000.0,2130712000.0,4611856000.0,4611856000.0,SHOP,,,,,,,,,,,,,,,
2020-12-31,36003430.0,0.265,183137000.0,135862000.0,135862000.0,319509000.0,70060000.0,1387971000.0,318999000.0,248939000.0,14349000.0,8575000.0,23434000.0,219650430.0,319509000.0,2839338000.0,90153000.0,1234632740.0,1195697050.0,0.259,0.267,319509000.0,0.0,319509000.0,319509000.0,319509000.0,319509000.0,-79145000.0,240364000.0,135862000.0,,,,135862000.0,14349000.0,510000.0,8575000.0,23434000.0,90153000.0,1451367000.0,51849000.0,552127000.0,847391000.0,602048000.0,245343000.0,245343000.0,1541520000.0,1387971000.0,2929491000.0,2929491000.0,SHOP,,,,,,,,,,,,,,,
2023-10-31,0.0,0.111,8469000000.0,0.0,0.0,6856000000.0,515000000.0,14133000000.0,8469000000.0,7954000000.0,62000000.0,238000000.0,300000000.0,6856000000.0,6856000000.0,18863000000.0,7654000000.0,,,,,6856000000.0,,6856000000.0,6856000000.0,6856000000.0,6856000000.0,860000000.0,7716000000.0,,0.0,,,,62000000.0,,238000000.0,300000000.0,7654000000.0,4730000000.0,,3102000000.0,1628000000.0,776000000.0,852000000.0,852000000.0,12384000000.0,14133000000.0,26517000000.0,26517000000.0,AMAT,,,,,,,,0.0,,,,,,,
2022-10-31,564000.0,0.141,8267000000.0,4000000.0,4000000.0,6525000000.0,444000000.0,13792000000.0,8271000000.0,7827000000.0,-189000000.0,228000000.0,39000000.0,6521564000.0,6525000000.0,18001000000.0,7788000000.0,877000000.0,871000000.0,7.44,7.49,6525000000.0,,6525000000.0,6525000000.0,6525000000.0,6525000000.0,1074000000.0,7599000000.0,4000000.0,4000000.0,,,,-189000000.0,,228000000.0,39000000.0,7784000000.0,4209000000.0,,2771000000.0,1438000000.0,703000000.0,735000000.0,735000000.0,11993000000.0,13792000000.0,25785000000.0,25785000000.0,AMAT,,,,,,,,-4000000.0,,,,,,,
2021-10-31,-40430000.0,0.13,7712000000.0,-311000000.0,-311000000.0,5888000000.0,394000000.0,12149000000.0,7401000000.0,7007000000.0,-118000000.0,236000000.0,118000000.0,6158570000.0,5888000000.0,15863000000.0,6889000000.0,919000000.0,910000000.0,6.4,6.47,5888000000.0,,5888000000.0,5888000000.0,5888000000.0,5888000000.0,883000000.0,6771000000.0,-311000000.0,-311000000.0,,,,-118000000.0,,236000000.0,118000000.0,7200000000.0,3714000000.0,,2485000000.0,1229000000.0,609000000.0,620000000.0,620000000.0,10914000000.0,12149000000.0,23063000000.0,23063000000.0,AMAT,,,154000000.0,,,,,157000000.0,,,,,,,
2020-10-31,0.0,0.131,4782000000.0,0.0,0.0,3619000000.0,376000000.0,9510000000.0,4782000000.0,4406000000.0,-199000000.0,240000000.0,41000000.0,3619000000.0,3619000000.0,12837000000.0,4365000000.0,923000000.0,916000000.0,3.92,3.95,3619000000.0,,3619000000.0,3619000000.0,3619000000.0,3619000000.0,547000000.0,4166000000.0,,0.0,,,,-199000000.0,,240000000.0,41000000.0,4365000000.0,3327000000.0,,2234000000.0,1093000000.0,526000000.0,567000000.0,567000000.0,7692000000.0,9510000000.0,17202000000.0,17202000000.0,AMAT,,,,,,,,0.0,,,,,,,
2023-03-31,-9985200.0,0.159,645300000.0,-62800000.0,-62800000.0,-1124700000.0,1776700000.0,1410200000.0,582500000.0,-1194200000.0,-110100000.0,143900000.0,33800000.0,-1071885200.0,-1124700000.0,6515100000.0,-1165200000.0,159900000.0,159900000.0,-7.03,-7.03,-1124700000.0,,-1124700000.0,-1124700000.0,-1124700000.0,-1124700000.0,-213400000.0,-1338100000.0,-62800000.0,,,,-62800000.0,-110100000.0,,143900000.0,33800000.0,-1165200000.0,3450500000.0,,892500000.0,2435700000.0,1592600000.0,843100000.0,843100000.0,2285300000.0,3064600000.0,5349900000.0,5349900000.0,TTWO,,,,122300000.0,122300000.0,,,,,,,,,,
2022-03-31,-132600.0,0.102,748300000.0,-1300000.0,-1300000.0,418000000.0,257100000.0,1339400000.0,747000000.0,489900000.0,-6900000.0,24500000.0,17600000.0,419167400.0,418000000.0,3031200000.0,473600000.0,116800000.0,115500000.0,3.58,3.62,418000000.0,,418000000.0,418000000.0,418000000.0,418000000.0,47400000.0,465400000.0,-1300000.0,-849000.0,,,-1300000.0,-6900000.0,,24500000.0,17600000.0,473600000.0,1495800000.0,,406600000.0,1028100000.0,516400000.0,511700000.0,511700000.0,1969400000.0,1535400000.0,3504800000.0,3504800000.0,TTWO,-5917000.0,,,61100000.0,61100000.0,,,849000.0,,,,,,,
2021-03-31,5279300.0,0.131,850500000.0,40300000.0,40300000.0,588900000.0,202400000.0,1388300000.0,890800000.0,688400000.0,8100000.0,10600000.0,18700000.0,553879300.0,588900000.0,2743400000.0,629400000.0,115700000.0,114600000.0,5.09,5.14,588900000.0,,588900000.0,588900000.0,588900000.0,588900000.0,88900000.0,677800000.0,40300000.0,272000.0,,,40300000.0,8100000.0,,10600000.0,18700000.0,629400000.0,1208300000.0,,317300000.0,835400000.0,445000000.0,390400000.0,390400000.0,1837700000.0,1535100000.0,3372800000.0,3372800000.0,TTWO,-4425000.0,,,55600000.0,55600000.0,,,-272000.0,,,,,,,
2020-03-31,-1062590.0,0.118,709234000.0,-9005000.0,-9005000.0,404459000.0,236543000.0,1354020000.0,700229000.0,463686000.0,42094000.0,5247000.0,47341000.0,412401410.0,404459000.0,2663620000.0,425267000.0,114136000.0,113096000.0,3.54,3.58,404459000.0,0.0,404459000.0,404459000.0,404459000.0,404459000.0,53980000.0,458439000.0,-9005000.0,-83000.0,,,-8922000.0,42094000.0,,5247000.0,47341000.0,425350000.0,1121170000.0,,296398000.0,776659000.0,458424000.0,318235000.0,318235000.0,1546520000.0,1542450000.0,3088970000.0,3088970000.0,TTWO,-2610000.0,,,48113000.0,48113000.0,,,83000.0,0.0,,,,,,
2023-01-31,-1068005.0,0.023,-732297000.0,-46435000.0,-46435000.0,-796705000.0,63535000.0,717540000.0,-778732000.0,-842267000.0,73839000.0,,73839000.0,-751338005.0,-796705000.0,2907926000.0,-842267000.0,318730000.0,318730000.0,-2.5,-2.5,-796705000.0,,-796705000.0,-796705000.0,-797526000.0,-797526000.0,-18467000.0,-815993000.0,-47565000.0,-38036000.0,38036000.0,,-8399000.0,73839000.0,,,73839000.0,-842267000.0,2190386000.0,,788058000.0,1402328000.0,1106507000.0,295821000.0,295821000.0,1348119000.0,717540000.0,2065659000.0,2065659000.0,SNOW,-1130000.0,,,,,,,,,821000.0,,,,,
2022-01-31,5800410.0,0.21,-721159000.0,27621000.0,27621000.0,-679948000.0,21498000.0,458433000.0,-693538000.0,-715036000.0,9129000.0,,9129000.0,-701768590.0,-679948000.0,1934363000.0,-715036000.0,300273000.0,300273000.0,-2.26,-2.26,-679948000.0,,-679948000.0,-679948000.0,-679948000.0,-679948000.0,2988000.0,-676960000.0,28947000.0,0.0,0.0,,27621000.0,9129000.0,,,9129000.0,-715036000.0,1475930000.0,,466932000.0,1008998000.0,743965000.0,265033000.0,265033000.0,760894000.0,458433000.0,1219327000.0,1219327000.0,SNOW,1326000.0,,,,,,,,,0.0,,,,,
2021-01-31,0.0,0.27,-534111000.0,,,-539102000.0,9826000.0,242588000.0,-534111000.0,-543937000.0,7507000.0,,7507000.0,-539102000.0,-539102000.0,1135986000.0,-543937000.0,141613000.0,141613000.0,-3.81,-3.81,-539102000.0,,-539102000.0,-539102000.0,-539102000.0,-539102000.0,2062000.0,-537040000.0,-610000.0,,,,,7507000.0,,,7507000.0,-543937000.0,893398000.0,,237946000.0,655452000.0,479317000.0,176135000.0,176135000.0,349461000.0,242588000.0,592049000.0,592049000.0,SNOW,-610000.0,,,,,,,,,0.0,,,,,
2023-12-31,10080000.0,0.21,2267000000.0,48000000.0,48000000.0,-2222000000.0,1861000000.0,70070000000.0,2315000000.0,454000000.0,-2459000000.0,2459000000.0,,-2259920000.0,-2222000000.0,78615000000.0,-773000000.0,605800000.0,605800000.0,-3.67,-3.67,-2222000000.0,,-2222000000.0,-2222000000.0,-2242000000.0,-2242000000.0,237000000.0,-2005000000.0,1275000000.0,2000000.0,,,46000000.0,-2459000000.0,,2459000000.0,,-821000000.0,8545000000.0,,3377000000.0,5168000000.0,,5168000000.0,5168000000.0,7724000000.0,70070000000.0,77794000000.0,77794000000.0,BA,1227000000.0,,,,,,,,,20000000.0,2000000.0,,,,
2022-12-31,-2100000.0,0.21,-472000000.0,-10000000.0,-10000000.0,-4935000000.0,1979000000.0,63078000000.0,-482000000.0,-2461000000.0,-2561000000.0,2561000000.0,,-4927100000.0,-4935000000.0,70117000000.0,-3519000000.0,595200000.0,594578313.0,-8.3,-8.3,-4935000000.0,,-4935000000.0,-4935000000.0,-5053000000.0,-5053000000.0,31000000.0,-5022000000.0,1048000000.0,6000000.0,,,-16000000.0,-2561000000.0,,2561000000.0,,-3509000000.0,7039000000.0,,2852000000.0,4187000000.0,,4187000000.0,4187000000.0,3530000000.0,63078000000.0,66608000000.0,66608000000.0,BA,1058000000.0,,,,,,,,,118000000.0,6000000.0,,,,
2021-12-31,72076000.0,0.148,-662000000.0,487000000.0,487000000.0,-4202000000.0,2144000000.0,59237000000.0,-175000000.0,-2319000000.0,-2714000000.0,2714000000.0,,-4616924000.0,-4202000000.0,65643000000.0,-2870000000.0,588000000.0,587692308.0,-7.15,-7.15,-4202000000.0,,-4202000000.0,-4202000000.0,-4290000000.0,-4290000000.0,-743000000.0,-5033000000.0,1038000000.0,277000000.0,,,210000000.0,-2714000000.0,,2714000000.0,,-3357000000.0,6406000000.0,,2249000000.0,4157000000.0,,4157000000.0,4157000000.0,3049000000.0,59237000000.0,62286000000.0,62286000000.0,BA,551000000.0,,,,,,,,,88000000.0,277000000.0,,,,
2020-12-31,36925000.0,0.175,-10285000000.0,211000000.0,211000000.0,-11941000000.0,2246000000.0,63843000000.0,-10074000000.0,-12320000000.0,-2156000000.0,2156000000.0,,-12115075000.0,-11941000000.0,71136000000.0,-12767000000.0,569000000.0,568630268.0,-20.88,-20.88,-11873000000.0,,-11873000000.0,-11941000000.0,-11941000000.0,-11941000000.0,-2535000000.0,-14476000000.0,658000000.0,202000000.0,,,9000000.0,-2156000000.0,,2156000000.0,,-12978000000.0,7293000000.0,,2476000000.0,4817000000.0,,4817000000.0,4817000000.0,-5685000000.0,63843000000.0,58158000000.0,58158000000.0,BA,447000000.0,,,,,,,,,68000000.0,202000000.0,,,,
2023-12-31,-5746733.231252,0.275134,174474000.0,-20887000.0,-20887000.0,19409000.0,117866000.0,283967000.0,153587000.0,35721000.0,14880000.0,8945000.0,23825000.0,34549266.768748,19409000.0,660101000.0,11896000.0,96415000.0,90141000.0,0.2,0.22,19409000.0,,19409000.0,19409000.0,19409000.0,19409000.0,7367000.0,26776000.0,-20887000.0,-20887000.0,,,,14880000.0,,8945000.0,23825000.0,32783000.0,376134000.0,,140365000.0,235769000.0,73027000.0,162742000.0,162742000.0,408917000.0,283967000.0,692884000.0,692884000.0,DOCN,,,,,,,,20887000.0,,,,,,,
2022-12-31,-85470.0,0.21,87150000.0,-407000.0,-407000.0,-27804000.0,102232000.0,211927000.0,86743000.0,-15489000.0,2219000.0,8396000.0,10615000.0,-27482470.0,-27804000.0,602019000.0,-25697000.0,100806000.0,100806000.0,-0.28,-0.28,-27804000.0,,-27804000.0,-27804000.0,-27804000.0,-27804000.0,3919000.0,-23885000.0,-407000.0,-407000.0,,,,2219000.0,,8396000.0,10615000.0,-25697000.0,390092000.0,,143885000.0,246207000.0,81022000.0,165185000.0,165185000.0,364395000.0,211927000.0,576322000.0,576322000.0,DOCN,10615000.0,,407000.0,,,,,0.0,,,,64655000.0,,,
2021-12-31,-927450.0,0.27,77350000.0,-3435000.0,-3435000.0,-19503000.0,88372000.0,170595000.0,73915000.0,-14457000.0,-3580000.0,3744000.0,164000.0,-16995450.0,-19503000.0,439747000.0,-11186000.0,93224000.0,93224000.0,-0.21,-0.21,-19503000.0,,-19503000.0,-19503000.0,-19503000.0,-19503000.0,1302000.0,-18201000.0,-3435000.0,-3435000.0,,,,-3580000.0,,3744000.0,164000.0,-11186000.0,269152000.0,,115684000.0,153468000.0,50878000.0,102590000.0,102590000.0,257966000.0,170595000.0,428561000.0,428561000.0,DOCN,164000.0,,3435000.0,,,,,0.0,,,,37115000.0,,,
2020-12-31,-69930.0,0.27,46786000.0,-259000.0,-259000.0,-43568000.0,75574000.0,145532000.0,46527000.0,-29047000.0,-13610000.0,13610000.0,,-43378930.0,-43568000.0,334171000.0,-15791000.0,105303340.0,105303340.0,-0.413738,-0.413738,-43568000.0,,-43568000.0,-43568000.0,-43568000.0,-43568000.0,911000.0,-42657000.0,-13256000.0,-259000.0,,,,-13610000.0,,13610000.0,,-15791000.0,188639000.0,,74970000.0,113669000.0,33472000.0,80197000.0,80197000.0,172848000.0,145532000.0,318380000.0,318380000.0,DOCN,-12997000.0,,259000.0,,,,,,,,,21146000.0,,,
2023-12-31,-45493500.0,0.195,14094500000.0,-233300000.0,-233300000.0,8468800000.0,1978200000.0,9334700000.0,13861200000.0,11883000000.0,-1174800000.0,1360800000.0,186000000.0,8656606500.0,8468800000.0,13748100000.0,11646700000.0,732300000.0,727900000.0,11.56,11.63,8468800000.0,,8468800000.0,8468800000.0,8468800000.0,8468800000.0,2053400000.0,10522200000.0,-48900000.0,-252300000.0,362300000.0,153400000.0,19000000.0,-1174800000.0,,1360800000.0,186000000.0,11745600000.0,2816900000.0,,,2435200000.0,,,,14562500000.0,10931200000.0,25493700000.0,25178100000.0,MCD,31000000.0,,,381700000.0,381700000.0,,,,,,6800000.0,,4773900000.0,103200000.0,
2022-12-31,-201040800.0,0.211,11855800000.0,-952800000.0,-952800000.0,6177400000.0,1870600000.0,8475200000.0,10903000000.0,9032400000.0,-1163000000.0,1207000000.0,44000000.0,6929159200.0,6177400000.0,12838000000.0,9371000000.0,741300000.0,736500000.0,8.33,8.39,6177400000.0,,6177400000.0,6177400000.0,6177400000.0,6177400000.0,1648000000.0,7825400000.0,-1356600000.0,-1086800000.0,1009800000.0,113200000.0,134000000.0,-1163000000.0,,1207000000.0,44000000.0,10344600000.0,2862600000.0,,,2492200000.0,,,,13207200000.0,9975400000.0,23182600000.0,22854200000.0,MCD,-517000000.0,,,370400000.0,370400000.0,,,,,,-136800000.0,,4375900000.0,59800000.0,
2021-12-31,46640800.0,0.173,11912200000.0,269600000.0,269600000.0,7545200000.0,1868100000.0,9104300000.0,12181800000.0,10313700000.0,-1176800000.0,1185800000.0,9000000.0,7322240800.0,7545200000.0,13350200000.0,10356000000.0,751800000.0,746300000.0,10.04,10.11,7545200000.0,,7545200000.0,7545200000.0,7545200000.0,7545200000.0,1582700000.0,9127900000.0,432300000.0,306600000.0,-285400000.0,176700000.0,-37000000.0,-1176800000.0,,1185800000.0,9000000.0,9872700000.0,2707500000.0,,,2377800000.0,,,,12580200000.0,10642700000.0,23222900000.0,22872800000.0,MCD,-14000000.0,,,329700000.0,329700000.0,,,,,,-75400000.0,,4608300000.0,96600000.0,
2020-12-31,713000.0,0.23,9107100000.0,3100000.0,3100000.0,4730500000.0,1751400000.0,8004900000.0,9110200000.0,7358800000.0,-1200100000.0,1218100000.0,18000000.0,4728113000.0,4730500000.0,12001300000.0,7324000000.0,750100000.0,745400000.0,6.31,6.346257,4730500000.0,,4730500000.0,4730500000.0,4730500000.0,4730500000.0,1410200000.0,6140700000.0,134500000.0,100000.0,-267500000.0,117400000.0,3000000.0,-1200100000.0,,1218100000.0,18000000.0,7206500000.0,2545600000.0,,,2245000000.0,,,,9752100000.0,9455700000.0,19207800000.0,18865300000.0,MCD,14000000.0,,,300600000.0,300600000.0,,,,,,-290700000.0,,4208100000.0,23300000.0,-267500000.0
2023-01-31,-142786147.0,0.359,2415665000.0,-397733000.0,-397733000.0,854800000.0,291791000.0,3335139000.0,2017932000.0,1726141000.0,,,,1109746853.0,854800000.0,6384377000.0,1328408000.0,128017000.0,127666000.0,6.68,6.7,854800000.0,,854800000.0,854800000.0,854800000.0,854800000.0,477771000.0,1332571000.0,-393570000.0,-397733000.0,,,,,,,,1726141000.0,2766199000.0,,,2757447000.0,,,,4492340000.0,3618178000.0,8110518000.0,8110518000.0,LULU,4163000.0,,,8752000.0,8752000.0,8752000.0,8752000.0,0.0,,,10180000.0,,,,407913000.0
2022-01-31,-11134986.0,0.269,1640349000.0,-41394000.0,-41394000.0,975322000.0,224206000.0,2432628000.0,1598955000.0,1374749000.0,,,,1005581014.0,975322000.0,4881868000.0,1333355000.0,130295000.0,129768000.0,7.49,7.52,975322000.0,,975322000.0,975322000.0,975322000.0,975322000.0,358547000.0,1333869000.0,-40880000.0,-41394000.0,,,,,,,,1374749000.0,2233816000.0,,,2225034000.0,,,,3608565000.0,2648052000.0,6256617000.0,6256617000.0,LULU,514000.0,,,8782000.0,8782000.0,8782000.0,8782000.0,41394000.0,,,0.0,,,,0.0
2021-01-31,-8385602.0,0.281,1065148000.0,-29842000.0,-29842000.0,588913000.0,185478000.0,1757570000.0,1035306000.0,849828000.0,,,,610369398.0,588913000.0,3552051000.0,819986000.0,130871000.0,130289000.0,4.5,4.52,588913000.0,,588913000.0,588913000.0,588913000.0,588913000.0,230437000.0,819350000.0,-30478000.0,-29842000.0,,,,,,,,849828000.0,1614163000.0,,,1609003000.0,,,,2463991000.0,1937888000.0,4401879000.0,4401879000.0,LULU,-636000.0,,,5160000.0,5160000.0,5160000.0,5160000.0,29842000.0,,,0.0,,,,0.0
2023-07-31,-125316000.0,0.177,18179000000.0,-708000000.0,-708000000.0,12613000000.0,1726000000.0,19801000000.0,17471000000.0,15745000000.0,535000000.0,427000000.0,962000000.0,13195684000.0,12613000000.0,41436000000.0,15031000000.0,4105000000.0,4093000000.0,3.07,3.08,12613000000.0,,12613000000.0,12613000000.0,12613000000.0,12613000000.0,2705000000.0,15318000000.0,-779000000.0,-531000000.0,,,-177000000.0,535000000.0,,427000000.0,962000000.0,15562000000.0,20191000000.0,,7551000000.0,12358000000.0,9880000000.0,2478000000.0,2478000000.0,35753000000.0,21245000000.0,56998000000.0,56998000000.0,CSCO,-71000000.0,,,282000000.0,282000000.0,282000000.0,282000000.0,531000000.0,,,,,,,
2022-07-31,82984000.0,0.184,16343000000.0,451000000.0,451000000.0,11812000000.0,1957000000.0,17665000000.0,16794000000.0,14837000000.0,116000000.0,360000000.0,476000000.0,11443984000.0,11812000000.0,37582000000.0,13969000000.0,4192000000.0,4170000000.0,2.82,2.83,11812000000.0,,11812000000.0,11812000000.0,11812000000.0,11812000000.0,2665000000.0,14477000000.0,386000000.0,-6000000.0,,,457000000.0,116000000.0,,360000000.0,476000000.0,13975000000.0,18273000000.0,,6774000000.0,11186000000.0,9085000000.0,2101000000.0,2101000000.0,32248000000.0,19309000000.0,51557000000.0,51557000000.0,CSCO,-65000000.0,,,313000000.0,313000000.0,313000000.0,313000000.0,6000000.0,,,,,,,
2021-07-31,-112761000.0,0.201,16119000000.0,-561000000.0,-561000000.0,10591000000.0,1862000000.0,16277000000.0,15558000000.0,13696000000.0,184000000.0,434000000.0,618000000.0,11039239000.0,10591000000.0,36099000000.0,12833000000.0,4236000000.0,4222000000.0,2.5,2.51,10591000000.0,,10591000000.0,10591000000.0,10591000000.0,10591000000.0,2671000000.0,13262000000.0,-641000000.0,-886000000.0,,,325000000.0,184000000.0,,434000000.0,618000000.0,13719000000.0,18175000000.0,,6549000000.0,11411000000.0,9259000000.0,2152000000.0,2152000000.0,31894000000.0,17924000000.0,49818000000.0,49818000000.0,CSCO,-80000000.0,,,215000000.0,215000000.0,215000000.0,215000000.0,886000000.0,,,,,,,
2020-07-31,-68753000.0,0.197,16712000000.0,-349000000.0,-349000000.0,11214000000.0,1808000000.0,15951000000.0,16363000000.0,14555000000.0,335000000.0,585000000.0,920000000.0,11494247000.0,11214000000.0,35200000000.0,13620000000.0,4254000000.0,4236000000.0,2.64,2.65,11214000000.0,,11214000000.0,11214000000.0,11214000000.0,11214000000.0,2756000000.0,13970000000.0,-466000000.0,-481000000.0,,,132000000.0,335000000.0,,585000000.0,920000000.0,14101000000.0,17582000000.0,,6347000000.0,11094000000.0,9169000000.0,1925000000.0,1925000000.0,31683000000.0,17618000000.0,49301000000.0,49301000000.0,CSCO,-117000000.0,,,141000000.0,141000000.0,141000000.0,141000000.0,481000000.0,,,,,,,
2023-05-31,-85408000.0,0.068,19995000000.0,-1256000000.0,-1256000000.0,8503000000.0,6108000000.0,11038000000.0,18739000000.0,12631000000.0,-3220000000.0,3505000000.0,285000000.0,9673592000.0,8503000000.0,36181000000.0,13093000000.0,2766000000.0,2696000000.0,3.07,3.15,8503000000.0,,8503000000.0,8503000000.0,8503000000.0,8503000000.0,623000000.0,9126000000.0,-1427000000.0,-680000000.0,,-165000000.0,-576000000.0,-3220000000.0,,3505000000.0,285000000.0,13773000000.0,22617000000.0,103000000.0,8623000000.0,10412000000.0,8833000000.0,1579000000.0,1579000000.0,36390000000.0,13564000000.0,49954000000.0,49954000000.0,ORCL,-6000000.0,,,3582000000.0,3582000000.0,3582000000.0,3582000000.0,680000000.0,,,,,,,
2022-05-31,-640500000.0,0.122,18776000000.0,-5250000000.0,-5250000000.0,6717000000.0,3122000000.0,6905000000.0,13526000000.0,10404000000.0,-2661000000.0,2755000000.0,94000000.0,11326500000.0,6717000000.0,26610000000.0,10926000000.0,2786000000.0,2700000000.0,2.41,2.49,6717000000.0,,6717000000.0,6717000000.0,6717000000.0,6717000000.0,932000000.0,7649000000.0,-5520000000.0,-4904000000.0,,-184000000.0,-346000000.0,-2661000000.0,,2755000000.0,94000000.0,15830000000.0,17733000000.0,4694000000.0,7219000000.0,9364000000.0,8047000000.0,1317000000.0,1317000000.0,33563000000.0,8877000000.0,42440000000.0,42440000000.0,ORCL,-86000000.0,,,1150000000.0,1150000000.0,1150000000.0,1150000000.0,4904000000.0,,,,,,,
2021-05-31,-113130000.0,0.27,18830000000.0,-419000000.0,-419000000.0,13746000000.0,2916000000.0,6318000000.0,18411000000.0,15495000000.0,-2395000000.0,2496000000.0,101000000.0,14051870000.0,13746000000.0,24697000000.0,15213000000.0,3022000000.0,2945000000.0,4.55,4.67,13746000000.0,,13746000000.0,13746000000.0,13746000000.0,13746000000.0,-747000000.0,12999000000.0,-388000000.0,-569000000.0,,-180000000.0,150000000.0,-2395000000.0,,2496000000.0,101000000.0,15782000000.0,16842000000.0,129000000.0,6527000000.0,8936000000.0,7682000000.0,1254000000.0,1254000000.0,32624000000.0,7855000000.0,40479000000.0,40479000000.0,ORCL,211000000.0,,,1379000000.0,1379000000.0,1379000000.0,1379000000.0,569000000.0,,,,136000000.0,,,
2020-05-31,-78560000.0,0.16,17517000000.0,-491000000.0,-491000000.0,10135000000.0,2968000000.0,6556000000.0,17026000000.0,14058000000.0,-1468000000.0,1995000000.0,527000000.0,10547440000.0,10135000000.0,24866000000.0,13896000000.0,3294000000.0,3211000000.0,3.08,3.16,10135000000.0,,10135000000.0,10135000000.0,10135000000.0,10135000000.0,1928000000.0,12063000000.0,-671000000.0,-306000000.0,,-164000000.0,-185000000.0,-1468000000.0,,1995000000.0,527000000.0,14202000000.0,16928000000.0,51000000.0,6067000000.0,9275000000.0,8094000000.0,1181000000.0,1181000000.0,31130000000.0,7938000000.0,39068000000.0,39068000000.0,ORCL,-16000000.0,,,1586000000.0,1586000000.0,1586000000.0,1586000000.0,306000000.0,,,,119000000.0,,,
2023-12-31,211380035.679101,0.189579,88287000000.0,1115000000.0,1115000000.0,30425000000.0,48663000000.0,480980000000.0,89402000000.0,40739000000.0,-233000000.0,3182000000.0,2949000000.0,29521380035.6791,30425000000.0,537933000000.0,36852000000.0,10492000000.0,10304000000.0,2.9,2.95,30425000000.0,,30425000000.0,30425000000.0,30425000000.0,30425000000.0,7120000000.0,37557000000.0,938000000.0,,,,1115000000.0,-233000000.0,,3182000000.0,2949000000.0,36852000000.0,56953000000.0,767000000.0,,56186000000.0,44370000000.0,11816000000.0,11816000000.0,93805000000.0,480980000000.0,574785000000.0,574785000000.0,AMZN,-177000000.0,-12000000.0,,,,,,,,,,,,,
2022-12-31,-3415860000.0,0.21,54618000000.0,-16266000000.0,-16266000000.0,-2722000000.0,41921000000.0,446343000000.0,38352000000.0,-3569000000.0,-1378000000.0,2367000000.0,989000000.0,10128140000.0,-2722000000.0,501735000000.0,12248000000.0,10189000000.0,10189000000.0,-0.27,-0.27,-2722000000.0,,-2722000000.0,-2722000000.0,-2722000000.0,-2722000000.0,-3217000000.0,-5936000000.0,-16806000000.0,,,,-16266000000.0,-1378000000.0,,2367000000.0,989000000.0,12248000000.0,55392000000.0,1263000000.0,,54129000000.0,42238000000.0,11891000000.0,11891000000.0,67640000000.0,446343000000.0,513983000000.0,513983000000.0,AMZN,-540000000.0,-3000000.0,,,,,,,,,,,,,
2021-12-31,1839997169.143666,0.12558,59741000000.0,14652000000.0,14652000000.0,33364000000.0,34433000000.0,403507000000.0,74393000000.0,39960000000.0,-1361000000.0,1809000000.0,448000000.0,20551997169.143665,33364000000.0,444943000000.0,24879000000.0,10300000000.0,10120000000.0,3.2405,3.298,33364000000.0,,33364000000.0,33364000000.0,33364000000.0,33364000000.0,4791000000.0,38151000000.0,14633000000.0,,,,14652000000.0,-1361000000.0,,1809000000.0,448000000.0,24879000000.0,41436000000.0,62000000.0,,41374000000.0,32551000000.0,8823000000.0,8823000000.0,66315000000.0,403507000000.0,469822000000.0,469822000000.0,AMZN,-19000000.0,4000000.0,,,,,,,,,,,,,
2020-12-31,287626230.457441,0.118413,48647000000.0,2429000000.0,2429000000.0,21331000000.0,25251000000.0,334564000000.0,51076000000.0,25825000000.0,-1092000000.0,1647000000.0,555000000.0,19189626230.45744,21331000000.0,363165000000.0,22899000000.0,10200000000.0,10000000000.0,2.0915,2.132,21331000000.0,,21331000000.0,21331000000.0,21331000000.0,21331000000.0,2863000000.0,24178000000.0,2371000000.0,,,,2429000000.0,-1092000000.0,,1647000000.0,555000000.0,22899000000.0,28601000000.0,-75000000.0,42740000000.0,28676000000.0,22008000000.0,6668000000.0,6668000000.0,51500000000.0,334564000000.0,386064000000.0,386064000000.0,AMZN,-58000000.0,16000000.0,,,,,,,,,,,,,
2023-12-31,0.0,0.158,9976000000.0,,,7839000000.0,739800000.0,13422400000.0,9976000000.0,9236200000.0,41200000.0,152700000.0,193900000.0,7839000000.0,7839000000.0,18516200000.0,9042300000.0,394100000.0,393800000.0,19.91,19.91,7839000000.0,,7839000000.0,7839000000.0,7839000000.0,7839000000.0,1435800000.0,9083500000.0,,,,,,41200000.0,,152700000.0,193900000.0,9042300000.0,5093800000.0,,3980600000.0,1113200000.0,,,,14136100000.0,13422400000.0,27558500000.0,27558500000.0,ASML,,191300000.0,,,,,,,,,,,,,
2022-12-31,0.0,0.15,7100500000.0,,,5624200000.0,583600000.0,10473300000.0,7100500000.0,6516900000.0,-44600000.0,60800000.0,16200000.0,5624200000.0,5624200000.0,14672700000.0,6500700000.0,398000000.0,397700000.0,14.13,14.14,5624200000.0,,5624200000.0,5624200000.0,5624200000.0,5624200000.0,969900000.0,6456100000.0,,,,,,-44600000.0,,60800000.0,16200000.0,6500700000.0,4199400000.0,,3253500000.0,945900000.0,,,,10700100000.0,10473300000.0,21173400000.0,21173400000.0,ASML,,138000000.0,,,,,,,,,,,,,
2021-12-31,32482400.0,0.152,7017400000.0,213700000.0,213700000.0,5883200000.0,471000000.0,8802000000.0,7231100000.0,6760100000.0,-44600000.0,54600000.0,10000000.0,5701982400.0,5883200000.0,12074600000.0,6750100000.0,410400000.0,409800000.0,14.34,14.36,5883200000.0,,5883200000.0,5883200000.0,5883200000.0,5883200000.0,1021400000.0,6705500000.0,213700000.0,213700000.0,,,,-44600000.0,,54600000.0,10000000.0,6536400000.0,3272600000.0,,2547000000.0,725600000.0,,,,9809000000.0,8802000000.0,18611000000.0,18611000000.0,ASML,213700000.0,199100000.0,,,,,,,,,,,,213700000.0,
2020-12-31,0.0,0.137,4550700000.0,,,3553700000.0,490800000.0,7181300000.0,4550700000.0,4059900000.0,-34900000.0,43300000.0,8400000.0,3553700000.0,3553700000.0,9927000000.0,4051500000.0,419100000.0,418300000.0,8.48,8.49,3553700000.0,,3553700000.0,3553700000.0,3553700000.0,3553700000.0,551500000.0,4016600000.0,,,,,,-34900000.0,34900000.0,43300000.0,8400000.0,4051500000.0,2745700000.0,,2200800000.0,544900000.0,,,,6797200000.0,7181300000.0,13978500000.0,13978500000.0,ASML,,88600000.0,,,,,,,,,,,,,
