{"2023-06-30": {"Tax Effect Of Unusual Items": -2850000.0, "Tax Rate For Calcs": 0.19, "Normalized EBITDA": 105155000000.0, "Total Unusual Items": -15000000.0, "Total Unusual Items Excluding Goodwill": -15000000.0, "Net Income From Continuing Operation Net Minority Interest": 72361000000.0, "Reconciled Depreciation": 13861000000.0, "Reconciled Cost Of Revenue": 65863000000.0, "EBITDA": 105140000000.0, "EBIT": 91279000000.0, "Net Interest Income": 1026000000.0, "Interest Expense": 1968000000.0, "Interest Income": 2994000000.0, "Normalized Income": 72373150000.0, "Net Income From Continuing And Discontinued Operation": 72361000000.0, "Total Expenses": 123392000000.0, "Total Operating Income As Reported": 88523000000.0, "Diluted Average Shares": 7472000000.0, "Basic Average Shares": 7446000000.0, "Diluted EPS": 9.68, "Basic EPS": 9.72, "Diluted NI Availto Com Stockholders": 72361000000.0, "Average Dilution Earnings": NaN, "Net Income Common Stockholders": 72361000000.0, "Net Income": 72361000000.0, "Net Income Including Noncontrolling Interests": 72361000000.0, "Net Income Continuous Operations": 72361000000.0, "Tax Provision": 16950000000.0, "Pretax Income": 89311000000.0, "Other Income Expense": -238000000.0, "Special Income Charges": -30000000.0, "Write Off": 30000000.0, "Earnings From Equity Interest": NaN, "Gain On Sale Of Security": 15000000.0, "Net Non Operating Interest Income Expense": 1026000000.0, "Total Other Finance Cost": NaN, "Interest Expense Non Operating": 1968000000.0, "Interest Income Non Operating": 2994000000.0, "Operating Income": 88523000000.0, "Operating Expense": 57529000000.0, "Other Operating Expenses": NaN, "Research And Development": 27195000000.0, "Selling General And Administration": 30334000000.0, "Selling And Marketing Expense": 22759000000.0, "General And Administrative Expense": 7575000000.0, "Other Gand A": 7575000000.0, "Gross Profit": 146052000000.0, "Cost Of Revenue": 65863000000.0, "Total Revenue": 211915000000.0, "Operating Revenue": 211915000000.0, "Ticker": "MSFT", "Other Non Operating Income Expenses": -223000000.0, "Restructuring And Mergern Acquisition": NaN, "Earnings From Equity Interest Net Of Tax": NaN, "Gain On Sale Of Business": NaN, "Other Special Charges": NaN, "Depreciation Amortization Depletion Income Statement": NaN, "Depreciation And Amortization In Income Statement": NaN, "Amortization": NaN, "Amortization Of Intangibles Income Statement": NaN, "Impairment Of Capital Assets": NaN, "Otherunder Preferred Stock Dividend": NaN, "Minority Interests": NaN, "Gain On Sale Of Ppe": NaN, "Salaries And Wages": NaN, "Rent Expense Supplemental": NaN}, "2022-06-30": {"Tax Effect Of Unusual Items": 43420000.0, "Tax Rate For Calcs": 0.13, "Normalized EBITDA": 99905000000.0, "Total Unusual Items": 334000000.0, "Total Unusual Items Excluding Goodwill": 334000000.0, "Net Income From Continuing Operation Net Minority Interest": 72738000000.0, "Reconciled Depreciation": 14460000000.0, "Reconciled Cost Of Revenue": 62650000000.0, "EBITDA": 100239000000.0, "EBIT": 85779000000.0, "Net Interest Income": 31000000.0, "Interest Expense": 2063000000.0, "Interest Income": 2094000000.0, "Normalized Income": 72447420000.0, "Net Income From Continuing And Discontinued Operation": 72738000000.0, "Total Expenses": 114887000000.0, "Total Operating Income As Reported": 83383000000.0, "Diluted Average Shares": 7540000000.0, "Basic Average Shares": 7496000000.0, "Diluted EPS": 9.65, "Basic EPS": 9.7, "Diluted NI Availto Com Stockholders": 72738000000.0, "Average Dilution Earnings": NaN, "Net Income Common Stockholders": 72738000000.0, "Net Income": 72738000000.0, "Net Income Including Noncontrolling Interests": 72738000000.0, "Net Income Continuous Operations": 72738000000.0, "Tax Provision": 10978000000.0, "Pretax Income": 83716000000.0, "Other Income Expense": 302000000.0, "Special Income Charges": -101000000.0, "Write Off": 101000000.0, "Earnings From Equity Interest": NaN, "Gain On Sale Of Security": 435000000.0, "Net Non Operating Interest Income Expense": 31000000.0, "Total Other Finance Cost": NaN, "Interest Expense Non Operating": 2063000000.0, "Interest Income Non Operating": 2094000000.0, "Operating Income": 83383000000.0, "Operating Expense": 52237000000.0, "Other Operating Expenses": NaN, "Research And Development": 24512000000.0, "Selling General And Administration": 27725000000.0, "Selling And Marketing Expense": 21825000000.0, "General And Administrative Expense": 5900000000.0, "Other Gand A": 5900000000.0, "Gross Profit": 135620000000.0, "Cost Of Revenue": 62650000000.0, "Total Revenue": 198270000000.0, "Operating Revenue": 198270000000.0, "Ticker": "MSFT", "Other Non Operating Income Expenses": -32000000.0, "Restructuring And Mergern Acquisition": NaN, "Earnings From Equity Interest Net Of Tax": NaN, "Gain On Sale Of Business": NaN, "Other Special Charges": NaN, "Depreciation Amortization Depletion Income Statement": NaN, "Depreciation And Amortization In Income Statement": NaN, "Amortization": NaN, "Amortization Of Intangibles Income Statement": NaN, "Impairment Of Capital Assets": NaN, "Otherunder Preferred Stock Dividend": NaN, "Minority Interests": NaN, "Gain On Sale Of Ppe": NaN, "Salaries And Wages": NaN, "Rent Expense Supplemental": NaN}, "2021-06-30": {"Tax Effect Of Unusual Items": 180160797.164637, "Tax Rate For Calcs": 0.138266, "Normalized EBITDA": 83831000000.0, "Total Unusual Items": 1303000000.0, "Total Unusual Items Excluding Goodwill": 1303000000.0, "Net Income From Continuing Operation Net Minority Interest": 61271000000.0, "Reconciled Depreciation": 11686000000.0, "Reconciled Cost Of Revenue": 52232000000.0, "EBITDA": 85134000000.0, "EBIT": 73448000000.0, "Net Interest Income": -215000000.0, "Interest Expense": 2346000000.0, "Interest Income": 2131000000.0, "Normalized Income": 60148160797.164635, "Net Income From Continuing And Discontinued Operation": 61271000000.0, "Total Expenses": 98172000000.0, "Total Operating Income As Reported": 69916000000.0, "Diluted Average Shares": 7608000000.0, "Basic Average Shares": 7547000000.0, "Diluted EPS": 8.05, "Basic EPS": 8.12, "Diluted NI Availto Com Stockholders": 61271000000.0, "Average Dilution Earnings": NaN, "Net Income Common Stockholders": 61271000000.0, "Net Income": 61271000000.0, "Net Income Including Noncontrolling Interests": 61271000000.0, "Net Income Continuous Operations": 61271000000.0, "Tax Provision": 9831000000.0, "Pretax Income": 71102000000.0, "Other Income Expense": 1401000000.0, "Special Income Charges": -13000000.0, "Write Off": 13000000.0, "Earnings From Equity Interest": NaN, "Gain On Sale Of Security": 1316000000.0, "Net Non Operating Interest Income Expense": -215000000.0, "Total Other Finance Cost": NaN, "Interest Expense Non Operating": 2346000000.0, "Interest Income Non Operating": 2131000000.0, "Operating Income": 69916000000.0, "Operating Expense": 45940000000.0, "Other Operating Expenses": NaN, "Research And Development": 20716000000.0, "Selling General And Administration": 25224000000.0, "Selling And Marketing Expense": 20117000000.0, "General And Administrative Expense": 5107000000.0, "Other Gand A": 5107000000.0, "Gross Profit": 115856000000.0, "Cost Of Revenue": 52232000000.0, "Total Revenue": 168088000000.0, "Operating Revenue": 168088000000.0, "Ticker": "MSFT", "Other Non Operating Income Expenses": 98000000.0, "Restructuring And Mergern Acquisition": NaN, "Earnings From Equity Interest Net Of Tax": NaN, "Gain On Sale Of Business": NaN, "Other Special Charges": NaN, "Depreciation Amortization Depletion Income Statement": NaN, "Depreciation And Amortization In Income Statement": NaN, "Amortization": NaN, "Amortization Of Intangibles Income Statement": NaN, "Impairment Of Capital Assets": NaN, "Otherunder Preferred Stock Dividend": NaN, "Minority Interests": NaN, "Gain On Sale Of Ppe": NaN, "Salaries And Wages": NaN, "Rent Expense Supplemental": NaN}, "2020-06-30": {"Tax Effect Of Unusual Items": 4760000.0, "Tax Rate For Calcs": 0.17, "Normalized EBITDA": 68395000000.0, "Total Unusual Items": 28000000.0, "Total Unusual Items Excluding Goodwill": 28000000.0, "Net Income From Continuing Operation Net Minority Interest": 44281000000.0, "Reconciled Depreciation": 12796000000.0, "Reconciled Cost Of Revenue": 46078000000.0, "EBITDA": 68423000000.0, "EBIT": 55627000000.0, "Net Interest Income": 89000000.0, "Interest Expense": 2591000000.0, "Interest Income": 2680000000.0, "Normalized Income": 44257760000.0, "Net Income From Continuing And Discontinued Operation": 44281000000.0, "Total Expenses": 90056000000.0, "Total Operating Income As Reported": 52959000000.0, "Diluted Average Shares": 7683000000.0, "Basic Average Shares": 7610000000.0, "Diluted EPS": 5.76, "Basic EPS": 5.82, "Diluted NI Availto Com Stockholders": 44281000000.0, "Average Dilution Earnings": NaN, "Net Income Common Stockholders": 44281000000.0, "Net Income": 44281000000.0, "Net Income Including Noncontrolling Interests": 44281000000.0, "Net Income Continuous Operations": 44281000000.0, "Tax Provision": 8755000000.0, "Pretax Income": 53036000000.0, "Other Income Expense": -12000000.0, "Special Income Charges": -133000000.0, "Write Off": 133000000.0, "Earnings From Equity Interest": NaN, "Gain On Sale Of Security": 161000000.0, "Net Non Operating Interest Income Expense": 89000000.0, "Total Other Finance Cost": NaN, "Interest Expense Non Operating": 2591000000.0, "Interest Income Non Operating": 2680000000.0, "Operating Income": 52959000000.0, "Operating Expense": 43978000000.0, "Other Operating Expenses": NaN, "Research And Development": 19269000000.0, "Selling General And Administration": 24709000000.0, "Selling And Marketing Expense": 19598000000.0, "General And Administrative Expense": 5111000000.0, "Other Gand A": 5111000000.0, "Gross Profit": 96937000000.0, "Cost Of Revenue": 46078000000.0, "Total Revenue": 143015000000.0, "Operating Revenue": 143015000000.0, "Ticker": "MSFT", "Other Non Operating Income Expenses": -40000000.0, "Restructuring And Mergern Acquisition": NaN, "Earnings From Equity Interest Net Of Tax": NaN, "Gain On Sale Of Business": NaN, "Other Special Charges": NaN, "Depreciation Amortization Depletion Income Statement": NaN, "Depreciation And Amortization In Income Statement": NaN, "Amortization": NaN, "Amortization Of Intangibles Income Statement": NaN, "Impairment Of Capital Assets": NaN, "Otherunder Preferred Stock Dividend": NaN, "Minority Interests": NaN, "Gain On Sale Of Ppe": NaN, "Salaries And Wages": NaN, "Rent Expense Supplemental": NaN}, "2019-06-30": {"Tax Effect Of Unusual Items": NaN, "Tax Rate For Calcs": NaN, "Normalized EBITDA": NaN, "Total Unusual Items": NaN, "Total Unusual Items Excluding Goodwill": NaN, "Net Income From Continuing Operation Net Minority Interest": NaN, "Reconciled Depreciation": NaN, "Reconciled Cost Of Revenue": NaN, "EBITDA": NaN, "EBIT": NaN, "Net Interest Income": NaN, "Interest Expense": NaN, "Interest Income": NaN, "Normalized Income": NaN, "Net Income From Continuing And Discontinued Operation": NaN, "Total Expenses": NaN, "Total Operating Income As Reported": NaN, "Diluted Average Shares": NaN, "Basic Average Shares": NaN, "Diluted EPS": NaN, "Basic EPS": NaN, "Diluted NI Availto Com Stockholders": NaN, "Average Dilution Earnings": NaN, "Net Income Common Stockholders": NaN, "Net Income": NaN, "Net Income Including Noncontrolling Interests": NaN, "Net Income Continuous Operations": NaN, "Tax Provision": NaN, "Pretax Income": NaN, "Other Income Expense": NaN, "Special Income Charges": NaN, "Write Off": NaN, "Earnings From Equity Interest": NaN, "Gain On Sale Of Security": NaN, "Net Non Operating Interest Income Expense": NaN, "Total Other Finance Cost": NaN, "Interest Expense Non Operating": NaN, "Interest Income Non Operating": NaN, "Operating Income": NaN, "Operating Expense": NaN, "Other Operating Expenses": NaN, "Research And Development": NaN, "Selling General And Administration": NaN, "Selling And Marketing Expense": NaN, "General And Administrative Expense": NaN, "Other Gand A": NaN, "Gross Profit": NaN, "Cost Of Revenue": NaN, "Total Revenue": NaN, "Operating Revenue": NaN, "Ticker": "MSFT", "Other Non Operating Income Expenses": NaN, "Restructuring And Mergern Acquisition": 0.0, "Earnings From Equity Interest Net Of Tax": NaN, "Gain On Sale Of Business": NaN, "Other Special Charges": NaN, "Depreciation Amortization Depletion Income Statement": NaN, "Depreciation And Amortization In Income Statement": NaN, "Amortization": NaN, "Amortization Of Intangibles Income Statement": NaN, "Impairment Of Capital Assets": NaN, "Otherunder Preferred Stock Dividend": NaN, "Minority Interests": NaN, "Gain On Sale Of Ppe": NaN, "Salaries And Wages": NaN, "Rent Expense Supplemental": NaN}, "2023-12-31": {"Tax Effect Of Unusual Items": 0.0, "Tax Rate For Calcs": 0.158, "Normalized EBITDA": 9976000000.0, "Total Unusual Items": NaN, "Total Unusual Items Excluding Goodwill": NaN, "Net Income From Continuing Operation Net Minority Interest": 7839000000.0, "Reconciled Depreciation": 739800000.0, "Reconciled Cost Of Revenue": 13422400000.0, "EBITDA": 9976000000.0, "EBIT": 9236200000.0, "Net Interest Income": 41200000.0, "Interest Expense": 152700000.0, "Interest Income": 193900000.0, "Normalized Income": 7839000000.0, "Net Income From Continuing And Discontinued Operation": 7839000000.0, "Total Expenses": 18516200000.0, "Total Operating Income As Reported": 9042300000.0, "Diluted Average Shares": 394100000.0, "Basic Average Shares": 393800000.0, "Diluted EPS": 19.91, "Basic EPS": 19.91, "Diluted NI Availto Com Stockholders": 7839000000.0, "Average Dilution Earnings": NaN, "Net Income Common Stockholders": 7839000000.0, "Net Income": 7839000000.0, "Net Income Including Noncontrolling Interests": 7839000000.0, "Net Income Continuous Operations": 7839000000.0, "Tax Provision": 1435800000.0, "Pretax Income": 9083500000.0, "Other Income Expense": NaN, "Special Income Charges": NaN, "Write Off": NaN, "Earnings From Equity Interest": NaN, "Gain On Sale Of Security": NaN, "Net Non Operating Interest Income Expense": 41200000.0, "Total Other Finance Cost": NaN, "Interest Expense Non Operating": 152700000.0, "Interest Income Non Operating": 193900000.0, "Operating Income": 9042300000.0, "Operating Expense": 5093800000.0, "Other Operating Expenses": NaN, "Research And Development": 3980600000.0, "Selling General And Administration": 1113200000.0, "Selling And Marketing Expense": NaN, "General And Administrative Expense": NaN, "Other Gand A": NaN, "Gross Profit": 14136100000.0, "Cost Of Revenue": 13422400000.0, "Total Revenue": 27558500000.0, "Operating Revenue": 27558500000.0, "Ticker": "ASML", "Other Non Operating Income Expenses": NaN, "Restructuring And Mergern Acquisition": NaN, "Earnings From Equity Interest Net Of Tax": 191300000.0, "Gain On Sale Of Business": NaN, "Other Special Charges": NaN, "Depreciation Amortization Depletion Income Statement": NaN, "Depreciation And Amortization In Income Statement": NaN, "Amortization": NaN, "Amortization Of Intangibles Income Statement": NaN, "Impairment Of Capital Assets": NaN, "Otherunder Preferred Stock Dividend": NaN, "Minority Interests": NaN, "Gain On Sale Of Ppe": NaN, "Salaries And Wages": NaN, "Rent Expense Supplemental": NaN}, "2022-12-31": {"Tax Effect Of Unusual Items": 0.0, "Tax Rate For Calcs": 0.15, "Normalized EBITDA": 7100500000.0, "Total Unusual Items": NaN, "Total Unusual Items Excluding Goodwill": NaN, "Net Income From Continuing Operation Net Minority Interest": 5624200000.0, "Reconciled Depreciation": 583600000.0, "Reconciled Cost Of Revenue": 10473300000.0, "EBITDA": 7100500000.0, "EBIT": 6516900000.0, "Net Interest Income": -44600000.0, "Interest Expense": 60800000.0, "Interest Income": 16200000.0, "Normalized Income": 5624200000.0, "Net Income From Continuing And Discontinued Operation": 5624200000.0, "Total Expenses": 14672700000.0, "Total Operating Income As Reported": 6500700000.0, "Diluted Average Shares": 398000000.0, "Basic Average Shares": 397700000.0, "Diluted EPS": 14.13, "Basic EPS": 14.14, "Diluted NI Availto Com Stockholders": 5624200000.0, "Average Dilution Earnings": NaN, "Net Income Common Stockholders": 5624200000.0, "Net Income": 5624200000.0, "Net Income Including Noncontrolling Interests": 5624200000.0, "Net Income Continuous Operations": 5624200000.0, "Tax Provision": 969900000.0, "Pretax Income": 6456100000.0, "Other Income Expense": NaN, "Special Income Charges": NaN, "Write Off": NaN, "Earnings From Equity Interest": NaN, "Gain On Sale Of Security": NaN, "Net Non Operating Interest Income Expense": -44600000.0, "Total Other Finance Cost": NaN, "Interest Expense Non Operating": 60800000.0, "Interest Income Non Operating": 16200000.0, "Operating Income": 6500700000.0, "Operating Expense": 4199400000.0, "Other Operating Expenses": NaN, "Research And Development": 3253500000.0, "Selling General And Administration": 945900000.0, "Selling And Marketing Expense": NaN, "General And Administrative Expense": NaN, "Other Gand A": NaN, "Gross Profit": 10700100000.0, "Cost Of Revenue": 10473300000.0, "Total Revenue": 21173400000.0, "Operating Revenue": 21173400000.0, "Ticker": "ASML", "Other Non Operating Income Expenses": NaN, "Restructuring And Mergern Acquisition": NaN, "Earnings From Equity Interest Net Of Tax": 138000000.0, "Gain On Sale Of Business": NaN, "Other Special Charges": NaN, "Depreciation Amortization Depletion Income Statement": NaN, "Depreciation And Amortization In Income Statement": NaN, "Amortization": NaN, "Amortization Of Intangibles Income Statement": NaN, "Impairment Of Capital Assets": NaN, "Otherunder Preferred Stock Dividend": NaN, "Minority Interests": NaN, "Gain On Sale Of Ppe": NaN, "Salaries And Wages": NaN, "Rent Expense Supplemental": NaN}, "2021-12-31": {"Tax Effect Of Unusual Items": 32482400.0, "Tax Rate For Calcs": 0.152, "Normalized EBITDA": 7017400000.0, "Total Unusual Items": 213700000.0, "Total Unusual Items Excluding Goodwill": 213700000.0, "Net Income From Continuing Operation Net Minority Interest": 5883200000.0, "Reconciled Depreciation": 471000000.0, "Reconciled Cost Of Revenue": 8802000000.0, "EBITDA": 7231100000.0, "EBIT": 6760100000.0, "Net Interest Income": -44600000.0, "Interest Expense": 54600000.0, "Interest Income": 10000000.0, "Normalized Income": 5701982400.0, "Net Income From Continuing And Discontinued Operation": 5883200000.0, "Total Expenses": 12074600000.0, "Total Operating Income As Reported": 6750100000.0, "Diluted Average Shares": 410400000.0, "Basic Average Shares": 409800000.0, "Diluted EPS": 14.34, "Basic EPS": 14.36, "Diluted NI Availto Com Stockholders": 5883200000.0, "Average Dilution Earnings": NaN, "Net Income Common Stockholders": 5883200000.0, "Net Income": 5883200000.0, "Net Income Including Noncontrolling Interests": 5883200000.0, "Net Income Continuous Operations": 5883200000.0, "Tax Provision": 1021400000.0, "Pretax Income": 6705500000.0, "Other Income Expense": 213700000.0, "Special Income Charges": 213700000.0, "Write Off": NaN, "Earnings From Equity Interest": NaN, "Gain On Sale Of Security": NaN, "Net Non Operating Interest Income Expense": -44600000.0, "Total Other Finance Cost": NaN, "Interest Expense Non Operating": 54600000.0, "Interest Income Non Operating": 10000000.0, "Operating Income": 6536400000.0, "Operating Expense": 3272600000.0, "Other Operating Expenses": NaN, "Research And Development": 2547000000.0, "Selling General And Administration": 725600000.0, "Selling And Marketing Expense": NaN, "General And Administrative Expense": NaN, "Other Gand A": NaN, "Gross Profit": 9809000000.0, "Cost Of Revenue": 8802000000.0, "Total Revenue": 18611000000.0, "Operating Revenue": 18611000000.0, "Ticker": "ASML", "Other Non Operating Income Expenses": 213700000.0, "Restructuring And Mergern Acquisition": NaN, "Earnings From Equity Interest Net Of Tax": 199100000.0, "Gain On Sale Of Business": 213700000.0, "Other Special Charges": NaN, "Depreciation Amortization Depletion Income Statement": NaN, "Depreciation And Amortization In Income Statement": NaN, "Amortization": NaN, "Amortization Of Intangibles Income Statement": NaN, "Impairment Of Capital Assets": NaN, "Otherunder Preferred Stock Dividend": NaN, "Minority Interests": NaN, "Gain On Sale Of Ppe": NaN, "Salaries And Wages": NaN, "Rent Expense Supplemental": NaN}, "2020-12-31": {"Tax Effect Of Unusual Items": 0.0, "Tax Rate For Calcs": 0.137, "Normalized EBITDA": 4550700000.0, "Total Unusual Items": NaN, "Total Unusual Items Excluding Goodwill": NaN, "Net Income From Continuing Operation Net Minority Interest": 3553700000.0, "Reconciled Depreciation": 490800000.0, "Reconciled Cost Of Revenue": 7181300000.0, "EBITDA": 4550700000.0, "EBIT": 4059900000.0, "Net Interest Income": -34900000.0, "Interest Expense": 43300000.0, "Interest Income": 8400000.0, "Normalized Income": 3553700000.0, "Net Income From Continuing And Discontinued Operation": 3553700000.0, "Total Expenses": 9927000000.0, "Total Operating Income As Reported": 4051500000.0, "Diluted Average Shares": 419100000.0, "Basic Average Shares": 418300000.0, "Diluted EPS": 8.48, "Basic EPS": 8.49, "Diluted NI Availto Com Stockholders": 3553700000.0, "Average Dilution Earnings": NaN, "Net Income Common Stockholders": 3553700000.0, "Net Income": 3553700000.0, "Net Income Including Noncontrolling Interests": 3553700000.0, "Net Income Continuous Operations": 3553700000.0, "Tax Provision": 551500000.0, "Pretax Income": 4016600000.0, "Other Income Expense": NaN, "Special Income Charges": NaN, "Write Off": NaN, "Earnings From Equity Interest": NaN, "Gain On Sale Of Security": NaN, "Net Non Operating Interest Income Expense": -34900000.0, "Total Other Finance Cost": 34900000.0, "Interest Expense Non Operating": 43300000.0, "Interest Income Non Operating": 8400000.0, "Operating Income": 4051500000.0, "Operating Expense": 2745700000.0, "Other Operating Expenses": NaN, "Research And Development": 2200800000.0, "Selling General And Administration": 544900000.0, "Selling And Marketing Expense": NaN, "General And Administrative Expense": NaN, "Other Gand A": NaN, "Gross Profit": 6797200000.0, "Cost Of Revenue": 7181300000.0, "Total Revenue": 13978500000.0, "Operating Revenue": 13978500000.0, "Ticker": "ASML", "Other Non Operating Income Expenses": NaN, "Restructuring And Mergern Acquisition": NaN, "Earnings From Equity Interest Net Of Tax": 88600000.0, "Gain On Sale Of Business": NaN, "Other Special Charges": NaN, "Depreciation Amortization Depletion Income Statement": NaN, "Depreciation And Amortization In Income Statement": NaN, "Amortization": NaN, "Amortization Of Intangibles Income Statement": NaN, "Impairment Of Capital Assets": NaN, "Otherunder Preferred Stock Dividend": NaN, "Minority Interests": NaN, "Gain On Sale Of Ppe": NaN, "Salaries And Wages": NaN, "Rent Expense Supplemental": NaN}, "2019-12-31": {"Tax Effect Of Unusual Items": NaN, "Tax Rate For Calcs": NaN, "Normalized EBITDA": NaN, "Total Unusual Items": NaN, "Total Unusual Items Excluding Goodwill": NaN, "Net Income From Continuing Operation Net Minority Interest": NaN, "Reconciled Depreciation": NaN, "Reconciled Cost Of Revenue": NaN, "EBITDA": NaN, "EBIT": NaN, "Net Interest Income": NaN, "Interest Expense": NaN, "Interest Income": NaN, "Normalized Income": NaN, "Net Income From Continuing And Discontinued Operation": NaN, "Total Expenses": NaN, "Total Operating Income As Reported": NaN, "Diluted Average Shares": NaN, "Basic Average Shares": NaN, "Diluted EPS": NaN, "Basic EPS": NaN, "Diluted NI Availto Com Stockholders": NaN, "Average Dilution Earnings": NaN, "Net Income Common Stockholders": NaN, "Net Income": NaN, "Net Income Including Noncontrolling Interests": NaN, "Net Income Continuous Operations": NaN, "Tax Provision": NaN, "Pretax Income": NaN, "Other Income Expense": NaN, "Special Income Charges": NaN, "Write Off": NaN, "Earnings From Equity Interest": NaN, "Gain On Sale Of Security": NaN, "Net Non Operating Interest Income Expense": NaN, "Total Other Finance Cost": 25000000.0, "Interest Expense Non Operating": NaN, "Interest Income Non Operating": NaN, "Operating Income": NaN, "Operating Expense": NaN, "Other Operating Expenses": NaN, "Research And Development": NaN, "Selling General And Administration": NaN, "Selling And Marketing Expense": NaN, "General And Administrative Expense": NaN, "Other Gand A": NaN, "Gross Profit": NaN, "Cost Of Revenue": NaN, "Total Revenue": NaN, "Operating Revenue": NaN, "Ticker": "ASML", "Other Non Operating Income Expenses": NaN, "Restructuring And Mergern Acquisition": NaN, "Earnings From Equity Interest Net Of Tax": NaN, "Gain On Sale Of Business": NaN, "Other Special Charges": NaN, "Depreciation Amortization Depletion Income Statement": NaN, "Depreciation And Amortization In Income Statement": NaN, "Amortization": NaN, "Amortization Of Intangibles Income Statement": NaN, "Impairment Of Capital Assets": NaN, "Otherunder Preferred Stock Dividend": -18200000.0, "Minority Interests": NaN, "Gain On Sale Of Ppe": NaN, "Salaries And Wages": NaN, "Rent Expense Supplemental": NaN}, "2024-01-31": {"Tax Effect Of Unusual Items": -21456288.0, "Tax Rate For Calcs": 0.288, "Normalized EBITDA": 2661062000.0, "Total Unusual Items": -74501000.0, "Total Unusual Items Excluding Goodwill": -74501000.0, "Net Income From Continuing Operation Net Minority Interest": 1550190000.0, "Reconciled Depreciation": 379384000.0, "Reconciled Cost Of Revenue": 3635499000.0, "EBITDA": 2586561000.0, "EBIT": 2207177000.0, "Net Interest Income": NaN, "Interest Expense": NaN, "Interest Income": NaN, "Normalized Income": 1603234712.0, "Net Income From Continuing And Discontinued Operation": 1550190000.0, "Total Expenses": 7412101000.0, "Total Operating Income As Reported": 2132676000.0, "Diluted Average Shares": 127060000.0, "Basic Average Shares": 126726000.0, "Diluted EPS": 12.2, "Basic EPS": 12.23, "Diluted NI Availto Com Stockholders": 1550190000.0, "Average Dilution Earnings": NaN, "Net Income Common Stockholders": 1550190000.0, "Net Income": 1550190000.0, "Net Income Including Noncontrolling Interests": 1550190000.0, "Net Income Continuous Operations": 1550190000.0, "Tax Provision": 625545000.0, "Pretax Income": 2175735000.0, "Other Income Expense": -31442000.0, "Special Income Charges": -74501000.0, "Write Off": NaN, "Earnings From Equity Interest": NaN, "Gain On Sale Of Security": NaN, "Net Non Operating Interest Income Expense": NaN, "Total Other Finance Cost": NaN, "Interest Expense Non Operating": NaN, "Interest Income Non Operating": NaN, "Operating Income": 2207177000.0, "Operating Expense": 3402228000.0, "Other Operating Expenses": NaN, "Research And Development": NaN, "Selling General And Administration": 3397218000.0, "Selling And Marketing Expense": NaN, "General And Administrative Expense": NaN, "Other Gand A": NaN, "Gross Profit": 5609405000.0, "Cost Of Revenue": 4009873000.0, "Total Revenue": 9619278000.0, "Operating Revenue": 9619278000.0, "Ticker": "LULU", "Other Non Operating Income Expenses": 43059000.0, "Restructuring And Mergern Acquisition": 0.0, "Earnings From Equity Interest Net Of Tax": NaN, "Gain On Sale Of Business": NaN, "Other Special Charges": NaN, "Depreciation Amortization Depletion Income Statement": 5010000.0, "Depreciation And Amortization In Income Statement": 5010000.0, "Amortization": 5010000.0, "Amortization Of Intangibles Income Statement": 5010000.0, "Impairment Of Capital Assets": 74501000.0, "Otherunder Preferred Stock Dividend": NaN, "Minority Interests": NaN, "Gain On Sale Of Ppe": 0.0, "Salaries And Wages": NaN, "Rent Expense Supplemental": NaN}, "2023-01-31": {"Tax Effect Of Unusual Items": -142786147.0, "Tax Rate For Calcs": 0.359, "Normalized EBITDA": 2415665000.0, "Total Unusual Items": -397733000.0, "Total Unusual Items Excluding Goodwill": -397733000.0, "Net Income From Continuing Operation Net Minority Interest": 854800000.0, "Reconciled Depreciation": 291791000.0, "Reconciled Cost Of Revenue": 3335139000.0, "EBITDA": 2017932000.0, "EBIT": 1726141000.0, "Net Interest Income": NaN, "Interest Expense": NaN, "Interest Income": NaN, "Normalized Income": 1109746853.0, "Net Income From Continuing And Discontinued Operation": 854800000.0, "Total Expenses": 6384377000.0, "Total Operating Income As Reported": 1328408000.0, "Diluted Average Shares": 128017000.0, "Basic Average Shares": 127666000.0, "Diluted EPS": 6.68, "Basic EPS": 6.7, "Diluted NI Availto Com Stockholders": 854800000.0, "Average Dilution Earnings": NaN, "Net Income Common Stockholders": 854800000.0, "Net Income": 854800000.0, "Net Income Including Noncontrolling Interests": 854800000.0, "Net Income Continuous Operations": 854800000.0, "Tax Provision": 477771000.0, "Pretax Income": 1332571000.0, "Other Income Expense": -393570000.0, "Special Income Charges": -397733000.0, "Write Off": NaN, "Earnings From Equity Interest": NaN, "Gain On Sale Of Security": NaN, "Net Non Operating Interest Income Expense": NaN, "Total Other Finance Cost": NaN, "Interest Expense Non Operating": NaN, "Interest Income Non Operating": NaN, "Operating Income": 1726141000.0, "Operating Expense": 2766199000.0, "Other Operating Expenses": NaN, "Research And Development": NaN, "Selling General And Administration": 2757447000.0, "Selling And Marketing Expense": NaN, "General And Administrative Expense": NaN, "Other Gand A": NaN, "Gross Profit": 4492340000.0, "Cost Of Revenue": 3618178000.0, "Total Revenue": 8110518000.0, "Operating Revenue": 8110518000.0, "Ticker": "LULU", "Other Non Operating Income Expenses": 4163000.0, "Restructuring And Mergern Acquisition": 0.0, "Earnings From Equity Interest Net Of Tax": NaN, "Gain On Sale Of Business": NaN, "Other Special Charges": NaN, "Depreciation Amortization Depletion Income Statement": 8752000.0, "Depreciation And Amortization In Income Statement": 8752000.0, "Amortization": 8752000.0, "Amortization Of Intangibles Income Statement": 8752000.0, "Impairment Of Capital Assets": 407913000.0, "Otherunder Preferred Stock Dividend": NaN, "Minority Interests": NaN, "Gain On Sale Of Ppe": 10180000.0, "Salaries And Wages": NaN, "Rent Expense Supplemental": NaN}, "2022-01-31": {"Tax Effect Of Unusual Items": -11134986.0, "Tax Rate For Calcs": 0.269, "Normalized EBITDA": 1640349000.0, "Total Unusual Items": -41394000.0, "Total Unusual Items Excluding Goodwill": -41394000.0, "Net Income From Continuing Operation Net Minority Interest": 975322000.0, "Reconciled Depreciation": 224206000.0, "Reconciled Cost Of Revenue": 2432628000.0, "EBITDA": 1598955000.0, "EBIT": 1374749000.0, "Net Interest Income": NaN, "Interest Expense": NaN, "Interest Income": NaN, "Normalized Income": 1005581014.0, "Net Income From Continuing And Discontinued Operation": 975322000.0, "Total Expenses": 4881868000.0, "Total Operating Income As Reported": 1333355000.0, "Diluted Average Shares": 130295000.0, "Basic Average Shares": 129768000.0, "Diluted EPS": 7.49, "Basic EPS": 7.52, "Diluted NI Availto Com Stockholders": 975322000.0, "Average Dilution Earnings": NaN, "Net Income Common Stockholders": 975322000.0, "Net Income": 975322000.0, "Net Income Including Noncontrolling Interests": 975322000.0, "Net Income Continuous Operations": 975322000.0, "Tax Provision": 358547000.0, "Pretax Income": 1333869000.0, "Other Income Expense": -40880000.0, "Special Income Charges": -41394000.0, "Write Off": NaN, "Earnings From Equity Interest": NaN, "Gain On Sale Of Security": NaN, "Net Non Operating Interest Income Expense": NaN, "Total Other Finance Cost": NaN, "Interest Expense Non Operating": NaN, "Interest Income Non Operating": NaN, "Operating Income": 1374749000.0, "Operating Expense": 2233816000.0, "Other Operating Expenses": NaN, "Research And Development": NaN, "Selling General And Administration": 2225034000.0, "Selling And Marketing Expense": NaN, "General And Administrative Expense": NaN, "Other Gand A": NaN, "Gross Profit": 3608565000.0, "Cost Of Revenue": 2648052000.0, "Total Revenue": 6256617000.0, "Operating Revenue": 6256617000.0, "Ticker": "LULU", "Other Non Operating Income Expenses": 514000.0, "Restructuring And Mergern Acquisition": 41394000.0, "Earnings From Equity Interest Net Of Tax": NaN, "Gain On Sale Of Business": NaN, "Other Special Charges": NaN, "Depreciation Amortization Depletion Income Statement": 8782000.0, "Depreciation And Amortization In Income Statement": 8782000.0, "Amortization": 8782000.0, "Amortization Of Intangibles Income Statement": 8782000.0, "Impairment Of Capital Assets": 0.0, "Otherunder Preferred Stock Dividend": NaN, "Minority Interests": NaN, "Gain On Sale Of Ppe": 0.0, "Salaries And Wages": NaN, "Rent Expense Supplemental": NaN}, "2021-01-31": {"Tax Effect Of Unusual Items": -8385602.0, "Tax Rate For Calcs": 0.281, "Normalized EBITDA": 1065148000.0, "Total Unusual Items": -29842000.0, "Total Unusual Items Excluding Goodwill": -29842000.0, "Net Income From Continuing Operation Net Minority Interest": 588913000.0, "Reconciled Depreciation": 185478000.0, "Reconciled Cost Of Revenue": 1757570000.0, "EBITDA": 1035306000.0, "EBIT": 849828000.0, "Net Interest Income": NaN, "Interest Expense": NaN, "Interest Income": NaN, "Normalized Income": 610369398.0, "Net Income From Continuing And Discontinued Operation": 588913000.0, "Total Expenses": 3552051000.0, "Total Operating Income As Reported": 819986000.0, "Diluted Average Shares": 130871000.0, "Basic Average Shares": 130289000.0, "Diluted EPS": 4.5, "Basic EPS": 4.52, "Diluted NI Availto Com Stockholders": 588913000.0, "Average Dilution Earnings": NaN, "Net Income Common Stockholders": 588913000.0, "Net Income": 588913000.0, "Net Income Including Noncontrolling Interests": 588913000.0, "Net Income Continuous Operations": 588913000.0, "Tax Provision": 230437000.0, "Pretax Income": 819350000.0, "Other Income Expense": -30478000.0, "Special Income Charges": -29842000.0, "Write Off": NaN, "Earnings From Equity Interest": NaN, "Gain On Sale Of Security": NaN, "Net Non Operating Interest Income Expense": NaN, "Total Other Finance Cost": NaN, "Interest Expense Non Operating": NaN, "Interest Income Non Operating": NaN, "Operating Income": 849828000.0, "Operating Expense": 1614163000.0, "Other Operating Expenses": NaN, "Research And Development": NaN, "Selling General And Administration": 1609003000.0, "Selling And Marketing Expense": NaN, "General And Administrative Expense": NaN, "Other Gand A": NaN, "Gross Profit": 2463991000.0, "Cost Of Revenue": 1937888000.0, "Total Revenue": 4401879000.0, "Operating Revenue": 4401879000.0, "Ticker": "LULU", "Other Non Operating Income Expenses": -636000.0, "Restructuring And Mergern Acquisition": 29842000.0, "Earnings From Equity Interest Net Of Tax": NaN, "Gain On Sale Of Business": NaN, "Other Special Charges": NaN, "Depreciation Amortization Depletion Income Statement": 5160000.0, "Depreciation And Amortization In Income Statement": 5160000.0, "Amortization": 5160000.0, "Amortization Of Intangibles Income Statement": 5160000.0, "Impairment Of Capital Assets": 0.0, "Otherunder Preferred Stock Dividend": NaN, "Minority Interests": NaN, "Gain On Sale Of Ppe": 0.0, "Salaries And Wages": NaN, "Rent Expense Supplemental": NaN}, "2023-09-30": {"Tax Effect Of Unusual Items": 0.0, "Tax Rate For Calcs": 0.147, "Normalized EBITDA": 129188000000.0, "Total Unusual Items": NaN, "Total Unusual Items Excluding Goodwill": NaN, "Net Income From Continuing Operation Net Minority Interest": 96995000000.0, "Reconciled Depreciation": 11519000000.0, "Reconciled Cost Of Revenue": 214137000000.0, "EBITDA": 129188000000.0, "EBIT": 117669000000.0, "Net Interest Income": -183000000.0, "Interest Expense": 3933000000.0, "Interest Income": 3750000000.0, "Normalized Income": 96995000000.0, "Net Income From Continuing And Discontinued Operation": 96995000000.0, "Total Expenses": 268984000000.0, "Total Operating Income As Reported": 114301000000.0, "Diluted Average Shares": 15812547000.0, "Basic Average Shares": 15744231000.0, "Diluted EPS": 6.13, "Basic EPS": 6.16, "Diluted NI Availto Com Stockholders": 96995000000.0, "Average Dilution Earnings": NaN, "Net Income Common Stockholders": 96995000000.0, "Net Income": 96995000000.0, "Net Income Including Noncontrolling Interests": 96995000000.0, "Net Income Continuous Operations": 96995000000.0, "Tax Provision": 16741000000.0, "Pretax Income": 113736000000.0, "Other Income Expense": -382000000.0, "Special Income Charges": NaN, "Write Off": NaN, "Earnings From Equity Interest": NaN, "Gain On Sale Of Security": NaN, "Net Non Operating Interest Income Expense": -183000000.0, "Total Other Finance Cost": NaN, "Interest Expense Non Operating": 3933000000.0, "Interest Income Non Operating": 3750000000.0, "Operating Income": 114301000000.0, "Operating Expense": 54847000000.0, "Other Operating Expenses": NaN, "Research And Development": 29915000000.0, "Selling General And Administration": 24932000000.0, "Selling And Marketing Expense": NaN, "General And Administrative Expense": NaN, "Other Gand A": NaN, "Gross Profit": 169148000000.0, "Cost Of Revenue": 214137000000.0, "Total Revenue": 383285000000.0, "Operating Revenue": 383285000000.0, "Ticker": "AAPL", "Other Non Operating Income Expenses": -382000000.0, "Restructuring And Mergern Acquisition": NaN, "Earnings From Equity Interest Net Of Tax": NaN, "Gain On Sale Of Business": NaN, "Other Special Charges": NaN, "Depreciation Amortization Depletion Income Statement": NaN, "Depreciation And Amortization In Income Statement": NaN, "Amortization": NaN, "Amortization Of Intangibles Income Statement": NaN, "Impairment Of Capital Assets": NaN, "Otherunder Preferred Stock Dividend": NaN, "Minority Interests": NaN, "Gain On Sale Of Ppe": NaN, "Salaries And Wages": NaN, "Rent Expense Supplemental": NaN}, "2022-09-30": {"Tax Effect Of Unusual Items": 0.0, "Tax Rate For Calcs": 0.162, "Normalized EBITDA": 133138000000.0, "Total Unusual Items": NaN, "Total Unusual Items Excluding Goodwill": NaN, "Net Income From Continuing Operation Net Minority Interest": 99803000000.0, "Reconciled Depreciation": 11104000000.0, "Reconciled Cost Of Revenue": 223546000000.0, "EBITDA": 133138000000.0, "EBIT": 122034000000.0, "Net Interest Income": -106000000.0, "Interest Expense": 2931000000.0, "Interest Income": 2825000000.0, "Normalized Income": 99803000000.0, "Net Income From Continuing And Discontinued Operation": 99803000000.0, "Total Expenses": 274891000000.0, "Total Operating Income As Reported": 119437000000.0, "Diluted Average Shares": 16325819000.0, "Basic Average Shares": 16215963000.0, "Diluted EPS": 6.11, "Basic EPS": 6.15, "Diluted NI Availto Com Stockholders": 99803000000.0, "Average Dilution Earnings": NaN, "Net Income Common Stockholders": 99803000000.0, "Net Income": 99803000000.0, "Net Income Including Noncontrolling Interests": 99803000000.0, "Net Income Continuous Operations": 99803000000.0, "Tax Provision": 19300000000.0, "Pretax Income": 119103000000.0, "Other Income Expense": -228000000.0, "Special Income Charges": NaN, "Write Off": NaN, "Earnings From Equity Interest": NaN, "Gain On Sale Of Security": NaN, "Net Non Operating Interest Income Expense": -106000000.0, "Total Other Finance Cost": NaN, "Interest Expense Non Operating": 2931000000.0, "Interest Income Non Operating": 2825000000.0, "Operating Income": 119437000000.0, "Operating Expense": 51345000000.0, "Other Operating Expenses": NaN, "Research And Development": 26251000000.0, "Selling General And Administration": 25094000000.0, "Selling And Marketing Expense": NaN, "General And Administrative Expense": NaN, "Other Gand A": NaN, "Gross Profit": 170782000000.0, "Cost Of Revenue": 223546000000.0, "Total Revenue": 394328000000.0, "Operating Revenue": 394328000000.0, "Ticker": "AAPL", "Other Non Operating Income Expenses": -228000000.0, "Restructuring And Mergern Acquisition": NaN, "Earnings From Equity Interest Net Of Tax": NaN, "Gain On Sale Of Business": NaN, "Other Special Charges": NaN, "Depreciation Amortization Depletion Income Statement": NaN, "Depreciation And Amortization In Income Statement": NaN, "Amortization": NaN, "Amortization Of Intangibles Income Statement": NaN, "Impairment Of Capital Assets": NaN, "Otherunder Preferred Stock Dividend": NaN, "Minority Interests": NaN, "Gain On Sale Of Ppe": NaN, "Salaries And Wages": NaN, "Rent Expense Supplemental": NaN}, "2021-09-30": {"Tax Effect Of Unusual Items": 0.0, "Tax Rate For Calcs": 0.133, "Normalized EBITDA": 123136000000.0, "Total Unusual Items": NaN, "Total Unusual Items Excluding Goodwill": NaN, "Net Income From Continuing Operation Net Minority Interest": 94680000000.0, "Reconciled Depreciation": 11284000000.0, "Reconciled Cost Of Revenue": 212981000000.0, "EBITDA": 123136000000.0, "EBIT": 111852000000.0, "Net Interest Income": 198000000.0, "Interest Expense": 2645000000.0, "Interest Income": 2843000000.0, "Normalized Income": 94680000000.0, "Net Income From Continuing And Discontinued Operation": 94680000000.0, "Total Expenses": 256868000000.0, "Total Operating Income As Reported": 108949000000.0, "Diluted Average Shares": 16864919000.0, "Basic Average Shares": 16701272000.0, "Diluted EPS": 5.61, "Basic EPS": 5.67, "Diluted NI Availto Com Stockholders": 94680000000.0, "Average Dilution Earnings": NaN, "Net Income Common Stockholders": 94680000000.0, "Net Income": 94680000000.0, "Net Income Including Noncontrolling Interests": 94680000000.0, "Net Income Continuous Operations": 94680000000.0, "Tax Provision": 14527000000.0, "Pretax Income": 109207000000.0, "Other Income Expense": 60000000.0, "Special Income Charges": NaN, "Write Off": NaN, "Earnings From Equity Interest": NaN, "Gain On Sale Of Security": NaN, "Net Non Operating Interest Income Expense": 198000000.0, "Total Other Finance Cost": NaN, "Interest Expense Non Operating": 2645000000.0, "Interest Income Non Operating": 2843000000.0, "Operating Income": 108949000000.0, "Operating Expense": 43887000000.0, "Other Operating Expenses": NaN, "Research And Development": 21914000000.0, "Selling General And Administration": 21973000000.0, "Selling And Marketing Expense": NaN, "General And Administrative Expense": NaN, "Other Gand A": NaN, "Gross Profit": 152836000000.0, "Cost Of Revenue": 212981000000.0, "Total Revenue": 365817000000.0, "Operating Revenue": 365817000000.0, "Ticker": "AAPL", "Other Non Operating Income Expenses": 60000000.0, "Restructuring And Mergern Acquisition": NaN, "Earnings From Equity Interest Net Of Tax": NaN, "Gain On Sale Of Business": NaN, "Other Special Charges": NaN, "Depreciation Amortization Depletion Income Statement": NaN, "Depreciation And Amortization In Income Statement": NaN, "Amortization": NaN, "Amortization Of Intangibles Income Statement": NaN, "Impairment Of Capital Assets": NaN, "Otherunder Preferred Stock Dividend": NaN, "Minority Interests": NaN, "Gain On Sale Of Ppe": NaN, "Salaries And Wages": NaN, "Rent Expense Supplemental": NaN}, "2020-09-30": {"Tax Effect Of Unusual Items": 0.0, "Tax Rate For Calcs": 0.144, "Normalized EBITDA": 81020000000.0, "Total Unusual Items": NaN, "Total Unusual Items Excluding Goodwill": NaN, "Net Income From Continuing Operation Net Minority Interest": 57411000000.0, "Reconciled Depreciation": 11056000000.0, "Reconciled Cost Of Revenue": 169559000000.0, "EBITDA": 81020000000.0, "EBIT": 69964000000.0, "Net Interest Income": 890000000.0, "Interest Expense": 2873000000.0, "Interest Income": 3763000000.0, "Normalized Income": 57411000000.0, "Net Income From Continuing And Discontinued Operation": 57411000000.0, "Total Expenses": 208227000000.0, "Total Operating Income As Reported": 66288000000.0, "Diluted Average Shares": 17528214000.0, "Basic Average Shares": 17352119000.0, "Diluted EPS": 3.28, "Basic EPS": 3.31, "Diluted NI Availto Com Stockholders": 57411000000.0, "Average Dilution Earnings": NaN, "Net Income Common Stockholders": 57411000000.0, "Net Income": 57411000000.0, "Net Income Including Noncontrolling Interests": 57411000000.0, "Net Income Continuous Operations": 57411000000.0, "Tax Provision": 9680000000.0, "Pretax Income": 67091000000.0, "Other Income Expense": -87000000.0, "Special Income Charges": NaN, "Write Off": NaN, "Earnings From Equity Interest": NaN, "Gain On Sale Of Security": NaN, "Net Non Operating Interest Income Expense": 890000000.0, "Total Other Finance Cost": NaN, "Interest Expense Non Operating": 2873000000.0, "Interest Income Non Operating": 3763000000.0, "Operating Income": 66288000000.0, "Operating Expense": 38668000000.0, "Other Operating Expenses": NaN, "Research And Development": 18752000000.0, "Selling General And Administration": 19916000000.0, "Selling And Marketing Expense": NaN, "General And Administrative Expense": NaN, "Other Gand A": NaN, "Gross Profit": 104956000000.0, "Cost Of Revenue": 169559000000.0, "Total Revenue": 274515000000.0, "Operating Revenue": 274515000000.0, "Ticker": "AAPL", "Other Non Operating Income Expenses": -87000000.0, "Restructuring And Mergern Acquisition": NaN, "Earnings From Equity Interest Net Of Tax": NaN, "Gain On Sale Of Business": NaN, "Other Special Charges": NaN, "Depreciation Amortization Depletion Income Statement": NaN, "Depreciation And Amortization In Income Statement": NaN, "Amortization": NaN, "Amortization Of Intangibles Income Statement": NaN, "Impairment Of Capital Assets": NaN, "Otherunder Preferred Stock Dividend": NaN, "Minority Interests": NaN, "Gain On Sale Of Ppe": NaN, "Salaries And Wages": NaN, "Rent Expense Supplemental": NaN}, "2020-01-31": {"Tax Effect Of Unusual Items": NaN, "Tax Rate For Calcs": NaN, "Normalized EBITDA": NaN, "Total Unusual Items": NaN, "Total Unusual Items Excluding Goodwill": NaN, "Net Income From Continuing Operation Net Minority Interest": NaN, "Reconciled Depreciation": NaN, "Reconciled Cost Of Revenue": NaN, "EBITDA": NaN, "EBIT": NaN, "Net Interest Income": NaN, "Interest Expense": NaN, "Interest Income": NaN, "Normalized Income": NaN, "Net Income From Continuing And Discontinued Operation": NaN, "Total Expenses": NaN, "Total Operating Income As Reported": NaN, "Diluted Average Shares": NaN, "Basic Average Shares": NaN, "Diluted EPS": NaN, "Basic EPS": NaN, "Diluted NI Availto Com Stockholders": NaN, "Average Dilution Earnings": NaN, "Net Income Common Stockholders": NaN, "Net Income": NaN, "Net Income Including Noncontrolling Interests": NaN, "Net Income Continuous Operations": NaN, "Tax Provision": NaN, "Pretax Income": NaN, "Other Income Expense": NaN, "Special Income Charges": NaN, "Write Off": NaN, "Earnings From Equity Interest": NaN, "Gain On Sale Of Security": NaN, "Net Non Operating Interest Income Expense": NaN, "Total Other Finance Cost": NaN, "Interest Expense Non Operating": NaN, "Interest Income Non Operating": NaN, "Operating Income": NaN, "Operating Expense": NaN, "Other Operating Expenses": NaN, "Research And Development": NaN, "Selling General And Administration": NaN, "Selling And Marketing Expense": NaN, "General And Administrative Expense": NaN, "Other Gand A": NaN, "Gross Profit": NaN, "Cost Of Revenue": NaN, "Total Revenue": NaN, "Operating Revenue": NaN, "Ticker": "OKTA", "Other Non Operating Income Expenses": NaN, "Restructuring And Mergern Acquisition": NaN, "Earnings From Equity Interest Net Of Tax": NaN, "Gain On Sale Of Business": NaN, "Other Special Charges": 14572000.0, "Depreciation Amortization Depletion Income Statement": NaN, "Depreciation And Amortization In Income Statement": NaN, "Amortization": NaN, "Amortization Of Intangibles Income Statement": NaN, "Impairment Of Capital Assets": NaN, "Otherunder Preferred Stock Dividend": NaN, "Minority Interests": NaN, "Gain On Sale Of Ppe": NaN, "Salaries And Wages": NaN, "Rent Expense Supplemental": NaN}, "2023-10-31": {"Tax Effect Of Unusual Items": 0.0, "Tax Rate For Calcs": 0.111, "Normalized EBITDA": 8469000000.0, "Total Unusual Items": 0.0, "Total Unusual Items Excluding Goodwill": 0.0, "Net Income From Continuing Operation Net Minority Interest": 6856000000.0, "Reconciled Depreciation": 515000000.0, "Reconciled Cost Of Revenue": 14133000000.0, "EBITDA": 8469000000.0, "EBIT": 7954000000.0, "Net Interest Income": 62000000.0, "Interest Expense": 238000000.0, "Interest Income": 300000000.0, "Normalized Income": 6856000000.0, "Net Income From Continuing And Discontinued Operation": 6856000000.0, "Total Expenses": 18863000000.0, "Total Operating Income As Reported": 7654000000.0, "Diluted Average Shares": 845000000.0, "Basic Average Shares": 840000000.0, "Diluted EPS": 8.11, "Basic EPS": 8.16, "Diluted NI Availto Com Stockholders": 6856000000.0, "Average Dilution Earnings": NaN, "Net Income Common Stockholders": 6856000000.0, "Net Income": 6856000000.0, "Net Income Including Noncontrolling Interests": 6856000000.0, "Net Income Continuous Operations": 6856000000.0, "Tax Provision": 860000000.0, "Pretax Income": 7716000000.0, "Other Income Expense": NaN, "Special Income Charges": 0.0, "Write Off": NaN, "Earnings From Equity Interest": NaN, "Gain On Sale Of Security": NaN, "Net Non Operating Interest Income Expense": 62000000.0, "Total Other Finance Cost": NaN, "Interest Expense Non Operating": 238000000.0, "Interest Income Non Operating": 300000000.0, "Operating Income": 7654000000.0, "Operating Expense": 4730000000.0, "Other Operating Expenses": NaN, "Research And Development": 3102000000.0, "Selling General And Administration": 1628000000.0, "Selling And Marketing Expense": 776000000.0, "General And Administrative Expense": 852000000.0, "Other Gand A": 852000000.0, "Gross Profit": 12384000000.0, "Cost Of Revenue": 14133000000.0, "Total Revenue": 26517000000.0, "Operating Revenue": 26517000000.0, "Ticker": "AMAT", "Other Non Operating Income Expenses": NaN, "Restructuring And Mergern Acquisition": 0.0, "Earnings From Equity Interest Net Of Tax": NaN, "Gain On Sale Of Business": NaN, "Other Special Charges": NaN, "Depreciation Amortization Depletion Income Statement": NaN, "Depreciation And Amortization In Income Statement": NaN, "Amortization": NaN, "Amortization Of Intangibles Income Statement": NaN, "Impairment Of Capital Assets": NaN, "Otherunder Preferred Stock Dividend": NaN, "Minority Interests": NaN, "Gain On Sale Of Ppe": NaN, "Salaries And Wages": NaN, "Rent Expense Supplemental": NaN}, "2022-10-31": {"Tax Effect Of Unusual Items": 564000.0, "Tax Rate For Calcs": 0.141, "Normalized EBITDA": 8267000000.0, "Total Unusual Items": 4000000.0, "Total Unusual Items Excluding Goodwill": 4000000.0, "Net Income From Continuing Operation Net Minority Interest": 6525000000.0, "Reconciled Depreciation": 444000000.0, "Reconciled Cost Of Revenue": 13792000000.0, "EBITDA": 8271000000.0, "EBIT": 7827000000.0, "Net Interest Income": -189000000.0, "Interest Expense": 228000000.0, "Interest Income": 39000000.0, "Normalized Income": 6521564000.0, "Net Income From Continuing And Discontinued Operation": 6525000000.0, "Total Expenses": 18001000000.0, "Total Operating Income As Reported": 7788000000.0, "Diluted Average Shares": 877000000.0, "Basic Average Shares": 871000000.0, "Diluted EPS": 7.44, "Basic EPS": 7.49, "Diluted NI Availto Com Stockholders": 6525000000.0, "Average Dilution Earnings": NaN, "Net Income Common Stockholders": 6525000000.0, "Net Income": 6525000000.0, "Net Income Including Noncontrolling Interests": 6525000000.0, "Net Income Continuous Operations": 6525000000.0, "Tax Provision": 1074000000.0, "Pretax Income": 7599000000.0, "Other Income Expense": 4000000.0, "Special Income Charges": 4000000.0, "Write Off": NaN, "Earnings From Equity Interest": NaN, "Gain On Sale Of Security": NaN, "Net Non Operating Interest Income Expense": -189000000.0, "Total Other Finance Cost": NaN, "Interest Expense Non Operating": 228000000.0, "Interest Income Non Operating": 39000000.0, "Operating Income": 7784000000.0, "Operating Expense": 4209000000.0, "Other Operating Expenses": NaN, "Research And Development": 2771000000.0, "Selling General And Administration": 1438000000.0, "Selling And Marketing Expense": 703000000.0, "General And Administrative Expense": 735000000.0, "Other Gand A": 735000000.0, "Gross Profit": 11993000000.0, "Cost Of Revenue": 13792000000.0, "Total Revenue": 25785000000.0, "Operating Revenue": 25785000000.0, "Ticker": "AMAT", "Other Non Operating Income Expenses": NaN, "Restructuring And Mergern Acquisition": -4000000.0, "Earnings From Equity Interest Net Of Tax": NaN, "Gain On Sale Of Business": NaN, "Other Special Charges": NaN, "Depreciation Amortization Depletion Income Statement": NaN, "Depreciation And Amortization In Income Statement": NaN, "Amortization": NaN, "Amortization Of Intangibles Income Statement": NaN, "Impairment Of Capital Assets": NaN, "Otherunder Preferred Stock Dividend": NaN, "Minority Interests": NaN, "Gain On Sale Of Ppe": NaN, "Salaries And Wages": NaN, "Rent Expense Supplemental": NaN}, "2021-10-31": {"Tax Effect Of Unusual Items": -40430000.0, "Tax Rate For Calcs": 0.13, "Normalized EBITDA": 7712000000.0, "Total Unusual Items": -311000000.0, "Total Unusual Items Excluding Goodwill": -311000000.0, "Net Income From Continuing Operation Net Minority Interest": 5888000000.0, "Reconciled Depreciation": 394000000.0, "Reconciled Cost Of Revenue": 12149000000.0, "EBITDA": 7401000000.0, "EBIT": 7007000000.0, "Net Interest Income": -118000000.0, "Interest Expense": 236000000.0, "Interest Income": 118000000.0, "Normalized Income": 6158570000.0, "Net Income From Continuing And Discontinued Operation": 5888000000.0, "Total Expenses": 15863000000.0, "Total Operating Income As Reported": 6889000000.0, "Diluted Average Shares": 919000000.0, "Basic Average Shares": 910000000.0, "Diluted EPS": 6.4, "Basic EPS": 6.47, "Diluted NI Availto Com Stockholders": 5888000000.0, "Average Dilution Earnings": NaN, "Net Income Common Stockholders": 5888000000.0, "Net Income": 5888000000.0, "Net Income Including Noncontrolling Interests": 5888000000.0, "Net Income Continuous Operations": 5888000000.0, "Tax Provision": 883000000.0, "Pretax Income": 6771000000.0, "Other Income Expense": -311000000.0, "Special Income Charges": -311000000.0, "Write Off": NaN, "Earnings From Equity Interest": NaN, "Gain On Sale Of Security": NaN, "Net Non Operating Interest Income Expense": -118000000.0, "Total Other Finance Cost": NaN, "Interest Expense Non Operating": 236000000.0, "Interest Income Non Operating": 118000000.0, "Operating Income": 7200000000.0, "Operating Expense": 3714000000.0, "Other Operating Expenses": NaN, "Research And Development": 2485000000.0, "Selling General And Administration": 1229000000.0, "Selling And Marketing Expense": 609000000.0, "General And Administrative Expense": 620000000.0, "Other Gand A": 620000000.0, "Gross Profit": 10914000000.0, "Cost Of Revenue": 12149000000.0, "Total Revenue": 23063000000.0, "Operating Revenue": 23063000000.0, "Ticker": "AMAT", "Other Non Operating Income Expenses": NaN, "Restructuring And Mergern Acquisition": 157000000.0, "Earnings From Equity Interest Net Of Tax": NaN, "Gain On Sale Of Business": NaN, "Other Special Charges": 154000000.0, "Depreciation Amortization Depletion Income Statement": NaN, "Depreciation And Amortization In Income Statement": NaN, "Amortization": NaN, "Amortization Of Intangibles Income Statement": NaN, "Impairment Of Capital Assets": NaN, "Otherunder Preferred Stock Dividend": NaN, "Minority Interests": NaN, "Gain On Sale Of Ppe": NaN, "Salaries And Wages": NaN, "Rent Expense Supplemental": NaN}, "2020-10-31": {"Tax Effect Of Unusual Items": 0.0, "Tax Rate For Calcs": 0.131, "Normalized EBITDA": 4782000000.0, "Total Unusual Items": 0.0, "Total Unusual Items Excluding Goodwill": 0.0, "Net Income From Continuing Operation Net Minority Interest": 3619000000.0, "Reconciled Depreciation": 376000000.0, "Reconciled Cost Of Revenue": 9510000000.0, "EBITDA": 4782000000.0, "EBIT": 4406000000.0, "Net Interest Income": -199000000.0, "Interest Expense": 240000000.0, "Interest Income": 41000000.0, "Normalized Income": 3619000000.0, "Net Income From Continuing And Discontinued Operation": 3619000000.0, "Total Expenses": 12837000000.0, "Total Operating Income As Reported": 4365000000.0, "Diluted Average Shares": 923000000.0, "Basic Average Shares": 916000000.0, "Diluted EPS": 3.92, "Basic EPS": 3.95, "Diluted NI Availto Com Stockholders": 3619000000.0, "Average Dilution Earnings": NaN, "Net Income Common Stockholders": 3619000000.0, "Net Income": 3619000000.0, "Net Income Including Noncontrolling Interests": 3619000000.0, "Net Income Continuous Operations": 3619000000.0, "Tax Provision": 547000000.0, "Pretax Income": 4166000000.0, "Other Income Expense": NaN, "Special Income Charges": 0.0, "Write Off": NaN, "Earnings From Equity Interest": NaN, "Gain On Sale Of Security": NaN, "Net Non Operating Interest Income Expense": -199000000.0, "Total Other Finance Cost": NaN, "Interest Expense Non Operating": 240000000.0, "Interest Income Non Operating": 41000000.0, "Operating Income": 4365000000.0, "Operating Expense": 3327000000.0, "Other Operating Expenses": NaN, "Research And Development": 2234000000.0, "Selling General And Administration": 1093000000.0, "Selling And Marketing Expense": 526000000.0, "General And Administrative Expense": 567000000.0, "Other Gand A": 567000000.0, "Gross Profit": 7692000000.0, "Cost Of Revenue": 9510000000.0, "Total Revenue": 17202000000.0, "Operating Revenue": 17202000000.0, "Ticker": "AMAT", "Other Non Operating Income Expenses": NaN, "Restructuring And Mergern Acquisition": 0.0, "Earnings From Equity Interest Net Of Tax": NaN, "Gain On Sale Of Business": NaN, "Other Special Charges": NaN, "Depreciation Amortization Depletion Income Statement": NaN, "Depreciation And Amortization In Income Statement": NaN, "Amortization": NaN, "Amortization Of Intangibles Income Statement": NaN, "Impairment Of Capital Assets": NaN, "Otherunder Preferred Stock Dividend": NaN, "Minority Interests": NaN, "Gain On Sale Of Ppe": NaN, "Salaries And Wages": NaN, "Rent Expense Supplemental": NaN}, "2023-03-31": {"Tax Effect Of Unusual Items": -9985200.0, "Tax Rate For Calcs": 0.159, "Normalized EBITDA": 645300000.0, "Total Unusual Items": -62800000.0, "Total Unusual Items Excluding Goodwill": -62800000.0, "Net Income From Continuing Operation Net Minority Interest": -1124700000.0, "Reconciled Depreciation": 1776700000.0, "Reconciled Cost Of Revenue": 1410200000.0, "EBITDA": 582500000.0, "EBIT": -1194200000.0, "Net Interest Income": -110100000.0, "Interest Expense": 143900000.0, "Interest Income": 33800000.0, "Normalized Income": -1071885200.0, "Net Income From Continuing And Discontinued Operation": -1124700000.0, "Total Expenses": 6515100000.0, "Total Operating Income As Reported": -1165200000.0, "Diluted Average Shares": 159900000.0, "Basic Average Shares": 159900000.0, "Diluted EPS": -7.03, "Basic EPS": -7.03, "Diluted NI Availto Com Stockholders": -1124700000.0, "Average Dilution Earnings": NaN, "Net Income Common Stockholders": -1124700000.0, "Net Income": -1124700000.0, "Net Income Including Noncontrolling Interests": -1124700000.0, "Net Income Continuous Operations": -1124700000.0, "Tax Provision": -213400000.0, "Pretax Income": -1338100000.0, "Other Income Expense": -62800000.0, "Special Income Charges": NaN, "Write Off": NaN, "Earnings From Equity Interest": NaN, "Gain On Sale Of Security": -62800000.0, "Net Non Operating Interest Income Expense": -110100000.0, "Total Other Finance Cost": NaN, "Interest Expense Non Operating": 143900000.0, "Interest Income Non Operating": 33800000.0, "Operating Income": -1165200000.0, "Operating Expense": 3450500000.0, "Other Operating Expenses": NaN, "Research And Development": 892500000.0, "Selling General And Administration": 2435700000.0, "Selling And Marketing Expense": 1592600000.0, "General And Administrative Expense": 843100000.0, "Other Gand A": 843100000.0, "Gross Profit": 2285300000.0, "Cost Of Revenue": 3064600000.0, "Total Revenue": 5349900000.0, "Operating Revenue": 5349900000.0, "Ticker": "TTWO", "Other Non Operating Income Expenses": NaN, "Restructuring And Mergern Acquisition": NaN, "Earnings From Equity Interest Net Of Tax": NaN, "Gain On Sale Of Business": NaN, "Other Special Charges": NaN, "Depreciation Amortization Depletion Income Statement": 122300000.0, "Depreciation And Amortization In Income Statement": 122300000.0, "Amortization": NaN, "Amortization Of Intangibles Income Statement": NaN, "Impairment Of Capital Assets": NaN, "Otherunder Preferred Stock Dividend": NaN, "Minority Interests": NaN, "Gain On Sale Of Ppe": NaN, "Salaries And Wages": NaN, "Rent Expense Supplemental": NaN}, "2022-03-31": {"Tax Effect Of Unusual Items": -132600.0, "Tax Rate For Calcs": 0.102, "Normalized EBITDA": 748300000.0, "Total Unusual Items": -1300000.0, "Total Unusual Items Excluding Goodwill": -1300000.0, "Net Income From Continuing Operation Net Minority Interest": 418000000.0, "Reconciled Depreciation": 257100000.0, "Reconciled Cost Of Revenue": 1339400000.0, "EBITDA": 747000000.0, "EBIT": 489900000.0, "Net Interest Income": -6900000.0, "Interest Expense": 24500000.0, "Interest Income": 17600000.0, "Normalized Income": 419167400.0, "Net Income From Continuing And Discontinued Operation": 418000000.0, "Total Expenses": 3031200000.0, "Total Operating Income As Reported": 473600000.0, "Diluted Average Shares": 116800000.0, "Basic Average Shares": 115500000.0, "Diluted EPS": 3.58, "Basic EPS": 3.62, "Diluted NI Availto Com Stockholders": 418000000.0, "Average Dilution Earnings": NaN, "Net Income Common Stockholders": 418000000.0, "Net Income": 418000000.0, "Net Income Including Noncontrolling Interests": 418000000.0, "Net Income Continuous Operations": 418000000.0, "Tax Provision": 47400000.0, "Pretax Income": 465400000.0, "Other Income Expense": -1300000.0, "Special Income Charges": -849000.0, "Write Off": NaN, "Earnings From Equity Interest": NaN, "Gain On Sale Of Security": -1300000.0, "Net Non Operating Interest Income Expense": -6900000.0, "Total Other Finance Cost": NaN, "Interest Expense Non Operating": 24500000.0, "Interest Income Non Operating": 17600000.0, "Operating Income": 473600000.0, "Operating Expense": 1495800000.0, "Other Operating Expenses": NaN, "Research And Development": 406600000.0, "Selling General And Administration": 1028100000.0, "Selling And Marketing Expense": 516400000.0, "General And Administrative Expense": 511700000.0, "Other Gand A": 511700000.0, "Gross Profit": 1969400000.0, "Cost Of Revenue": 1535400000.0, "Total Revenue": 3504800000.0, "Operating Revenue": 3504800000.0, "Ticker": "TTWO", "Other Non Operating Income Expenses": -5917000.0, "Restructuring And Mergern Acquisition": 849000.0, "Earnings From Equity Interest Net Of Tax": NaN, "Gain On Sale Of Business": NaN, "Other Special Charges": NaN, "Depreciation Amortization Depletion Income Statement": 61100000.0, "Depreciation And Amortization In Income Statement": 61100000.0, "Amortization": NaN, "Amortization Of Intangibles Income Statement": NaN, "Impairment Of Capital Assets": NaN, "Otherunder Preferred Stock Dividend": NaN, "Minority Interests": NaN, "Gain On Sale Of Ppe": NaN, "Salaries And Wages": NaN, "Rent Expense Supplemental": NaN}, "2021-03-31": {"Tax Effect Of Unusual Items": 5279300.0, "Tax Rate For Calcs": 0.131, "Normalized EBITDA": 850500000.0, "Total Unusual Items": 40300000.0, "Total Unusual Items Excluding Goodwill": 40300000.0, "Net Income From Continuing Operation Net Minority Interest": 588900000.0, "Reconciled Depreciation": 202400000.0, "Reconciled Cost Of Revenue": 1388300000.0, "EBITDA": 890800000.0, "EBIT": 688400000.0, "Net Interest Income": 8100000.0, "Interest Expense": 10600000.0, "Interest Income": 18700000.0, "Normalized Income": 553879300.0, "Net Income From Continuing And Discontinued Operation": 588900000.0, "Total Expenses": 2743400000.0, "Total Operating Income As Reported": 629400000.0, "Diluted Average Shares": 115700000.0, "Basic Average Shares": 114600000.0, "Diluted EPS": 5.09, "Basic EPS": 5.14, "Diluted NI Availto Com Stockholders": 588900000.0, "Average Dilution Earnings": NaN, "Net Income Common Stockholders": 588900000.0, "Net Income": 588900000.0, "Net Income Including Noncontrolling Interests": 588900000.0, "Net Income Continuous Operations": 588900000.0, "Tax Provision": 88900000.0, "Pretax Income": 677800000.0, "Other Income Expense": 40300000.0, "Special Income Charges": 272000.0, "Write Off": NaN, "Earnings From Equity Interest": NaN, "Gain On Sale Of Security": 40300000.0, "Net Non Operating Interest Income Expense": 8100000.0, "Total Other Finance Cost": NaN, "Interest Expense Non Operating": 10600000.0, "Interest Income Non Operating": 18700000.0, "Operating Income": 629400000.0, "Operating Expense": 1208300000.0, "Other Operating Expenses": NaN, "Research And Development": 317300000.0, "Selling General And Administration": 835400000.0, "Selling And Marketing Expense": 445000000.0, "General And Administrative Expense": 390400000.0, "Other Gand A": 390400000.0, "Gross Profit": 1837700000.0, "Cost Of Revenue": 1535100000.0, "Total Revenue": 3372800000.0, "Operating Revenue": 3372800000.0, "Ticker": "TTWO", "Other Non Operating Income Expenses": -4425000.0, "Restructuring And Mergern Acquisition": -272000.0, "Earnings From Equity Interest Net Of Tax": NaN, "Gain On Sale Of Business": NaN, "Other Special Charges": NaN, "Depreciation Amortization Depletion Income Statement": 55600000.0, "Depreciation And Amortization In Income Statement": 55600000.0, "Amortization": NaN, "Amortization Of Intangibles Income Statement": NaN, "Impairment Of Capital Assets": NaN, "Otherunder Preferred Stock Dividend": NaN, "Minority Interests": NaN, "Gain On Sale Of Ppe": NaN, "Salaries And Wages": NaN, "Rent Expense Supplemental": NaN}, "2020-03-31": {"Tax Effect Of Unusual Items": -1062590.0, "Tax Rate For Calcs": 0.118, "Normalized EBITDA": 709234000.0, "Total Unusual Items": -9005000.0, "Total Unusual Items Excluding Goodwill": -9005000.0, "Net Income From Continuing Operation Net Minority Interest": 404459000.0, "Reconciled Depreciation": 236543000.0, "Reconciled Cost Of Revenue": 1354020000.0, "EBITDA": 700229000.0, "EBIT": 463686000.0, "Net Interest Income": 42094000.0, "Interest Expense": 5247000.0, "Interest Income": 47341000.0, "Normalized Income": 412401410.0, "Net Income From Continuing And Discontinued Operation": 404459000.0, "Total Expenses": 2663620000.0, "Total Operating Income As Reported": 425267000.0, "Diluted Average Shares": 114136000.0, "Basic Average Shares": 113096000.0, "Diluted EPS": 3.54, "Basic EPS": 3.58, "Diluted NI Availto Com Stockholders": 404459000.0, "Average Dilution Earnings": 0.0, "Net Income Common Stockholders": 404459000.0, "Net Income": 404459000.0, "Net Income Including Noncontrolling Interests": 404459000.0, "Net Income Continuous Operations": 404459000.0, "Tax Provision": 53980000.0, "Pretax Income": 458439000.0, "Other Income Expense": -9005000.0, "Special Income Charges": -83000.0, "Write Off": NaN, "Earnings From Equity Interest": NaN, "Gain On Sale Of Security": -8922000.0, "Net Non Operating Interest Income Expense": 42094000.0, "Total Other Finance Cost": NaN, "Interest Expense Non Operating": 5247000.0, "Interest Income Non Operating": 47341000.0, "Operating Income": 425350000.0, "Operating Expense": 1121170000.0, "Other Operating Expenses": NaN, "Research And Development": 296398000.0, "Selling General And Administration": 776659000.0, "Selling And Marketing Expense": 458424000.0, "General And Administrative Expense": 318235000.0, "Other Gand A": 318235000.0, "Gross Profit": 1546520000.0, "Cost Of Revenue": 1542450000.0, "Total Revenue": 3088970000.0, "Operating Revenue": 3088970000.0, "Ticker": "TTWO", "Other Non Operating Income Expenses": -2610000.0, "Restructuring And Mergern Acquisition": 83000.0, "Earnings From Equity Interest Net Of Tax": NaN, "Gain On Sale Of Business": NaN, "Other Special Charges": NaN, "Depreciation Amortization Depletion Income Statement": 48113000.0, "Depreciation And Amortization In Income Statement": 48113000.0, "Amortization": NaN, "Amortization Of Intangibles Income Statement": NaN, "Impairment Of Capital Assets": NaN, "Otherunder Preferred Stock Dividend": 0.0, "Minority Interests": NaN, "Gain On Sale Of Ppe": NaN, "Salaries And Wages": NaN, "Rent Expense Supplemental": NaN}, "2023-07-31": {"Tax Effect Of Unusual Items": -125316000.0, "Tax Rate For Calcs": 0.177, "Normalized EBITDA": 18179000000.0, "Total Unusual Items": -708000000.0, "Total Unusual Items Excluding Goodwill": -708000000.0, "Net Income From Continuing Operation Net Minority Interest": 12613000000.0, "Reconciled Depreciation": 1726000000.0, "Reconciled Cost Of Revenue": 19801000000.0, "EBITDA": 17471000000.0, "EBIT": 15745000000.0, "Net Interest Income": 535000000.0, "Interest Expense": 427000000.0, "Interest Income": 962000000.0, "Normalized Income": 13195684000.0, "Net Income From Continuing And Discontinued Operation": 12613000000.0, "Total Expenses": 41436000000.0, "Total Operating Income As Reported": 15031000000.0, "Diluted Average Shares": 4105000000.0, "Basic Average Shares": 4093000000.0, "Diluted EPS": 3.07, "Basic EPS": 3.08, "Diluted NI Availto Com Stockholders": 12613000000.0, "Average Dilution Earnings": NaN, "Net Income Common Stockholders": 12613000000.0, "Net Income": 12613000000.0, "Net Income Including Noncontrolling Interests": 12613000000.0, "Net Income Continuous Operations": 12613000000.0, "Tax Provision": 2705000000.0, "Pretax Income": 15318000000.0, "Other Income Expense": -779000000.0, "Special Income Charges": -531000000.0, "Write Off": NaN, "Earnings From Equity Interest": NaN, "Gain On Sale Of Security": -177000000.0, "Net Non Operating Interest Income Expense": 535000000.0, "Total Other Finance Cost": NaN, "Interest Expense Non Operating": 427000000.0, "Interest Income Non Operating": 962000000.0, "Operating Income": 15562000000.0, "Operating Expense": 20191000000.0, "Other Operating Expenses": NaN, "Research And Development": 7551000000.0, "Selling General And Administration": 12358000000.0, "Selling And Marketing Expense": 9880000000.0, "General And Administrative Expense": 2478000000.0, "Other Gand A": 2478000000.0, "Gross Profit": 35753000000.0, "Cost Of Revenue": 21245000000.0, "Total Revenue": 56998000000.0, "Operating Revenue": 56998000000.0, "Ticker": "CSCO", "Other Non Operating Income Expenses": -71000000.0, "Restructuring And Mergern Acquisition": 531000000.0, "Earnings From Equity Interest Net Of Tax": NaN, "Gain On Sale Of Business": NaN, "Other Special Charges": NaN, "Depreciation Amortization Depletion Income Statement": 282000000.0, "Depreciation And Amortization In Income Statement": 282000000.0, "Amortization": 282000000.0, "Amortization Of Intangibles Income Statement": 282000000.0, "Impairment Of Capital Assets": NaN, "Otherunder Preferred Stock Dividend": NaN, "Minority Interests": NaN, "Gain On Sale Of Ppe": NaN, "Salaries And Wages": NaN, "Rent Expense Supplemental": NaN}, "2022-07-31": {"Tax Effect Of Unusual Items": 82984000.0, "Tax Rate For Calcs": 0.184, "Normalized EBITDA": 16343000000.0, "Total Unusual Items": 451000000.0, "Total Unusual Items Excluding Goodwill": 451000000.0, "Net Income From Continuing Operation Net Minority Interest": 11812000000.0, "Reconciled Depreciation": 1957000000.0, "Reconciled Cost Of Revenue": 17665000000.0, "EBITDA": 16794000000.0, "EBIT": 14837000000.0, "Net Interest Income": 116000000.0, "Interest Expense": 360000000.0, "Interest Income": 476000000.0, "Normalized Income": 11443984000.0, "Net Income From Continuing And Discontinued Operation": 11812000000.0, "Total Expenses": 37582000000.0, "Total Operating Income As Reported": 13969000000.0, "Diluted Average Shares": 4192000000.0, "Basic Average Shares": 4170000000.0, "Diluted EPS": 2.82, "Basic EPS": 2.83, "Diluted NI Availto Com Stockholders": 11812000000.0, "Average Dilution Earnings": NaN, "Net Income Common Stockholders": 11812000000.0, "Net Income": 11812000000.0, "Net Income Including Noncontrolling Interests": 11812000000.0, "Net Income Continuous Operations": 11812000000.0, "Tax Provision": 2665000000.0, "Pretax Income": 14477000000.0, "Other Income Expense": 386000000.0, "Special Income Charges": -6000000.0, "Write Off": NaN, "Earnings From Equity Interest": NaN, "Gain On Sale Of Security": 457000000.0, "Net Non Operating Interest Income Expense": 116000000.0, "Total Other Finance Cost": NaN, "Interest Expense Non Operating": 360000000.0, "Interest Income Non Operating": 476000000.0, "Operating Income": 13975000000.0, "Operating Expense": 18273000000.0, "Other Operating Expenses": NaN, "Research And Development": 6774000000.0, "Selling General And Administration": 11186000000.0, "Selling And Marketing Expense": 9085000000.0, "General And Administrative Expense": 2101000000.0, "Other Gand A": 2101000000.0, "Gross Profit": 32248000000.0, "Cost Of Revenue": 19309000000.0, "Total Revenue": 51557000000.0, "Operating Revenue": 51557000000.0, "Ticker": "CSCO", "Other Non Operating Income Expenses": -65000000.0, "Restructuring And Mergern Acquisition": 6000000.0, "Earnings From Equity Interest Net Of Tax": NaN, "Gain On Sale Of Business": NaN, "Other Special Charges": NaN, "Depreciation Amortization Depletion Income Statement": 313000000.0, "Depreciation And Amortization In Income Statement": 313000000.0, "Amortization": 313000000.0, "Amortization Of Intangibles Income Statement": 313000000.0, "Impairment Of Capital Assets": NaN, "Otherunder Preferred Stock Dividend": NaN, "Minority Interests": NaN, "Gain On Sale Of Ppe": NaN, "Salaries And Wages": NaN, "Rent Expense Supplemental": NaN}, "2021-07-31": {"Tax Effect Of Unusual Items": -112761000.0, "Tax Rate For Calcs": 0.201, "Normalized EBITDA": 16119000000.0, "Total Unusual Items": -561000000.0, "Total Unusual Items Excluding Goodwill": -561000000.0, "Net Income From Continuing Operation Net Minority Interest": 10591000000.0, "Reconciled Depreciation": 1862000000.0, "Reconciled Cost Of Revenue": 16277000000.0, "EBITDA": 15558000000.0, "EBIT": 13696000000.0, "Net Interest Income": 184000000.0, "Interest Expense": 434000000.0, "Interest Income": 618000000.0, "Normalized Income": 11039239000.0, "Net Income From Continuing And Discontinued Operation": 10591000000.0, "Total Expenses": 36099000000.0, "Total Operating Income As Reported": 12833000000.0, "Diluted Average Shares": 4236000000.0, "Basic Average Shares": 4222000000.0, "Diluted EPS": 2.5, "Basic EPS": 2.51, "Diluted NI Availto Com Stockholders": 10591000000.0, "Average Dilution Earnings": NaN, "Net Income Common Stockholders": 10591000000.0, "Net Income": 10591000000.0, "Net Income Including Noncontrolling Interests": 10591000000.0, "Net Income Continuous Operations": 10591000000.0, "Tax Provision": 2671000000.0, "Pretax Income": 13262000000.0, "Other Income Expense": -641000000.0, "Special Income Charges": -886000000.0, "Write Off": NaN, "Earnings From Equity Interest": NaN, "Gain On Sale Of Security": 325000000.0, "Net Non Operating Interest Income Expense": 184000000.0, "Total Other Finance Cost": NaN, "Interest Expense Non Operating": 434000000.0, "Interest Income Non Operating": 618000000.0, "Operating Income": 13719000000.0, "Operating Expense": 18175000000.0, "Other Operating Expenses": NaN, "Research And Development": 6549000000.0, "Selling General And Administration": 11411000000.0, "Selling And Marketing Expense": 9259000000.0, "General And Administrative Expense": 2152000000.0, "Other Gand A": 2152000000.0, "Gross Profit": 31894000000.0, "Cost Of Revenue": 17924000000.0, "Total Revenue": 49818000000.0, "Operating Revenue": 49818000000.0, "Ticker": "CSCO", "Other Non Operating Income Expenses": -80000000.0, "Restructuring And Mergern Acquisition": 886000000.0, "Earnings From Equity Interest Net Of Tax": NaN, "Gain On Sale Of Business": NaN, "Other Special Charges": NaN, "Depreciation Amortization Depletion Income Statement": 215000000.0, "Depreciation And Amortization In Income Statement": 215000000.0, "Amortization": 215000000.0, "Amortization Of Intangibles Income Statement": 215000000.0, "Impairment Of Capital Assets": NaN, "Otherunder Preferred Stock Dividend": NaN, "Minority Interests": NaN, "Gain On Sale Of Ppe": NaN, "Salaries And Wages": NaN, "Rent Expense Supplemental": NaN}, "2020-07-31": {"Tax Effect Of Unusual Items": -68753000.0, "Tax Rate For Calcs": 0.197, "Normalized EBITDA": 16712000000.0, "Total Unusual Items": -349000000.0, "Total Unusual Items Excluding Goodwill": -349000000.0, "Net Income From Continuing Operation Net Minority Interest": 11214000000.0, "Reconciled Depreciation": 1808000000.0, "Reconciled Cost Of Revenue": 15951000000.0, "EBITDA": 16363000000.0, "EBIT": 14555000000.0, "Net Interest Income": 335000000.0, "Interest Expense": 585000000.0, "Interest Income": 920000000.0, "Normalized Income": 11494247000.0, "Net Income From Continuing And Discontinued Operation": 11214000000.0, "Total Expenses": 35200000000.0, "Total Operating Income As Reported": 13620000000.0, "Diluted Average Shares": 4254000000.0, "Basic Average Shares": 4236000000.0, "Diluted EPS": 2.64, "Basic EPS": 2.65, "Diluted NI Availto Com Stockholders": 11214000000.0, "Average Dilution Earnings": NaN, "Net Income Common Stockholders": 11214000000.0, "Net Income": 11214000000.0, "Net Income Including Noncontrolling Interests": 11214000000.0, "Net Income Continuous Operations": 11214000000.0, "Tax Provision": 2756000000.0, "Pretax Income": 13970000000.0, "Other Income Expense": -466000000.0, "Special Income Charges": -481000000.0, "Write Off": NaN, "Earnings From Equity Interest": NaN, "Gain On Sale Of Security": 132000000.0, "Net Non Operating Interest Income Expense": 335000000.0, "Total Other Finance Cost": NaN, "Interest Expense Non Operating": 585000000.0, "Interest Income Non Operating": 920000000.0, "Operating Income": 14101000000.0, "Operating Expense": 17582000000.0, "Other Operating Expenses": NaN, "Research And Development": 6347000000.0, "Selling General And Administration": 11094000000.0, "Selling And Marketing Expense": 9169000000.0, "General And Administrative Expense": 1925000000.0, "Other Gand A": 1925000000.0, "Gross Profit": 31683000000.0, "Cost Of Revenue": 17618000000.0, "Total Revenue": 49301000000.0, "Operating Revenue": 49301000000.0, "Ticker": "CSCO", "Other Non Operating Income Expenses": -117000000.0, "Restructuring And Mergern Acquisition": 481000000.0, "Earnings From Equity Interest Net Of Tax": NaN, "Gain On Sale Of Business": NaN, "Other Special Charges": NaN, "Depreciation Amortization Depletion Income Statement": 141000000.0, "Depreciation And Amortization In Income Statement": 141000000.0, "Amortization": 141000000.0, "Amortization Of Intangibles Income Statement": 141000000.0, "Impairment Of Capital Assets": NaN, "Otherunder Preferred Stock Dividend": NaN, "Minority Interests": NaN, "Gain On Sale Of Ppe": NaN, "Salaries And Wages": NaN, "Rent Expense Supplemental": NaN}, "2023-05-31": {"Tax Effect Of Unusual Items": -85408000.0, "Tax Rate For Calcs": 0.068, "Normalized EBITDA": 19995000000.0, "Total Unusual Items": -1256000000.0, "Total Unusual Items Excluding Goodwill": -1256000000.0, "Net Income From Continuing Operation Net Minority Interest": 8503000000.0, "Reconciled Depreciation": 6108000000.0, "Reconciled Cost Of Revenue": 11038000000.0, "EBITDA": 18739000000.0, "EBIT": 12631000000.0, "Net Interest Income": -3220000000.0, "Interest Expense": 3505000000.0, "Interest Income": 285000000.0, "Normalized Income": 9673592000.0, "Net Income From Continuing And Discontinued Operation": 8503000000.0, "Total Expenses": 36181000000.0, "Total Operating Income As Reported": 13093000000.0, "Diluted Average Shares": 2766000000.0, "Basic Average Shares": 2696000000.0, "Diluted EPS": 3.07, "Basic EPS": 3.15, "Diluted NI Availto Com Stockholders": 8503000000.0, "Average Dilution Earnings": NaN, "Net Income Common Stockholders": 8503000000.0, "Net Income": 8503000000.0, "Net Income Including Noncontrolling Interests": 8503000000.0, "Net Income Continuous Operations": 8503000000.0, "Tax Provision": 623000000.0, "Pretax Income": 9126000000.0, "Other Income Expense": -1427000000.0, "Special Income Charges": -680000000.0, "Write Off": NaN, "Earnings From Equity Interest": -165000000.0, "Gain On Sale Of Security": -576000000.0, "Net Non Operating Interest Income Expense": -3220000000.0, "Total Other Finance Cost": NaN, "Interest Expense Non Operating": 3505000000.0, "Interest Income Non Operating": 285000000.0, "Operating Income": 13773000000.0, "Operating Expense": 22617000000.0, "Other Operating Expenses": 103000000.0, "Research And Development": 8623000000.0, "Selling General And Administration": 10412000000.0, "Selling And Marketing Expense": 8833000000.0, "General And Administrative Expense": 1579000000.0, "Other Gand A": 1579000000.0, "Gross Profit": 36390000000.0, "Cost Of Revenue": 13564000000.0, "Total Revenue": 49954000000.0, "Operating Revenue": 49954000000.0, "Ticker": "ORCL", "Other Non Operating Income Expenses": -6000000.0, "Restructuring And Mergern Acquisition": 680000000.0, "Earnings From Equity Interest Net Of Tax": NaN, "Gain On Sale Of Business": NaN, "Other Special Charges": NaN, "Depreciation Amortization Depletion Income Statement": 3582000000.0, "Depreciation And Amortization In Income Statement": 3582000000.0, "Amortization": 3582000000.0, "Amortization Of Intangibles Income Statement": 3582000000.0, "Impairment Of Capital Assets": NaN, "Otherunder Preferred Stock Dividend": NaN, "Minority Interests": NaN, "Gain On Sale Of Ppe": NaN, "Salaries And Wages": NaN, "Rent Expense Supplemental": NaN}, "2022-05-31": {"Tax Effect Of Unusual Items": -640500000.0, "Tax Rate For Calcs": 0.122, "Normalized EBITDA": 18776000000.0, "Total Unusual Items": -5250000000.0, "Total Unusual Items Excluding Goodwill": -5250000000.0, "Net Income From Continuing Operation Net Minority Interest": 6717000000.0, "Reconciled Depreciation": 3122000000.0, "Reconciled Cost Of Revenue": 6905000000.0, "EBITDA": 13526000000.0, "EBIT": 10404000000.0, "Net Interest Income": -2661000000.0, "Interest Expense": 2755000000.0, "Interest Income": 94000000.0, "Normalized Income": 11326500000.0, "Net Income From Continuing And Discontinued Operation": 6717000000.0, "Total Expenses": 26610000000.0, "Total Operating Income As Reported": 10926000000.0, "Diluted Average Shares": 2786000000.0, "Basic Average Shares": 2700000000.0, "Diluted EPS": 2.41, "Basic EPS": 2.49, "Diluted NI Availto Com Stockholders": 6717000000.0, "Average Dilution Earnings": NaN, "Net Income Common Stockholders": 6717000000.0, "Net Income": 6717000000.0, "Net Income Including Noncontrolling Interests": 6717000000.0, "Net Income Continuous Operations": 6717000000.0, "Tax Provision": 932000000.0, "Pretax Income": 7649000000.0, "Other Income Expense": -5520000000.0, "Special Income Charges": -4904000000.0, "Write Off": NaN, "Earnings From Equity Interest": -184000000.0, "Gain On Sale Of Security": -346000000.0, "Net Non Operating Interest Income Expense": -2661000000.0, "Total Other Finance Cost": NaN, "Interest Expense Non Operating": 2755000000.0, "Interest Income Non Operating": 94000000.0, "Operating Income": 15830000000.0, "Operating Expense": 17733000000.0, "Other Operating Expenses": 4694000000.0, "Research And Development": 7219000000.0, "Selling General And Administration": 9364000000.0, "Selling And Marketing Expense": 8047000000.0, "General And Administrative Expense": 1317000000.0, "Other Gand A": 1317000000.0, "Gross Profit": 33563000000.0, "Cost Of Revenue": 8877000000.0, "Total Revenue": 42440000000.0, "Operating Revenue": 42440000000.0, "Ticker": "ORCL", "Other Non Operating Income Expenses": -86000000.0, "Restructuring And Mergern Acquisition": 4904000000.0, "Earnings From Equity Interest Net Of Tax": NaN, "Gain On Sale Of Business": NaN, "Other Special Charges": NaN, "Depreciation Amortization Depletion Income Statement": 1150000000.0, "Depreciation And Amortization In Income Statement": 1150000000.0, "Amortization": 1150000000.0, "Amortization Of Intangibles Income Statement": 1150000000.0, "Impairment Of Capital Assets": NaN, "Otherunder Preferred Stock Dividend": NaN, "Minority Interests": NaN, "Gain On Sale Of Ppe": NaN, "Salaries And Wages": NaN, "Rent Expense Supplemental": NaN}, "2021-05-31": {"Tax Effect Of Unusual Items": -113130000.0, "Tax Rate For Calcs": 0.27, "Normalized EBITDA": 18830000000.0, "Total Unusual Items": -419000000.0, "Total Unusual Items Excluding Goodwill": -419000000.0, "Net Income From Continuing Operation Net Minority Interest": 13746000000.0, "Reconciled Depreciation": 2916000000.0, "Reconciled Cost Of Revenue": 6318000000.0, "EBITDA": 18411000000.0, "EBIT": 15495000000.0, "Net Interest Income": -2395000000.0, "Interest Expense": 2496000000.0, "Interest Income": 101000000.0, "Normalized Income": 14051870000.0, "Net Income From Continuing And Discontinued Operation": 13746000000.0, "Total Expenses": 24697000000.0, "Total Operating Income As Reported": 15213000000.0, "Diluted Average Shares": 3022000000.0, "Basic Average Shares": 2945000000.0, "Diluted EPS": 4.55, "Basic EPS": 4.67, "Diluted NI Availto Com Stockholders": 13746000000.0, "Average Dilution Earnings": NaN, "Net Income Common Stockholders": 13746000000.0, "Net Income": 13746000000.0, "Net Income Including Noncontrolling Interests": 13746000000.0, "Net Income Continuous Operations": 13746000000.0, "Tax Provision": -747000000.0, "Pretax Income": 12999000000.0, "Other Income Expense": -388000000.0, "Special Income Charges": -569000000.0, "Write Off": NaN, "Earnings From Equity Interest": -180000000.0, "Gain On Sale Of Security": 150000000.0, "Net Non Operating Interest Income Expense": -2395000000.0, "Total Other Finance Cost": NaN, "Interest Expense Non Operating": 2496000000.0, "Interest Income Non Operating": 101000000.0, "Operating Income": 15782000000.0, "Operating Expense": 16842000000.0, "Other Operating Expenses": 129000000.0, "Research And Development": 6527000000.0, "Selling General And Administration": 8936000000.0, "Selling And Marketing Expense": 7682000000.0, "General And Administrative Expense": 1254000000.0, "Other Gand A": 1254000000.0, "Gross Profit": 32624000000.0, "Cost Of Revenue": 7855000000.0, "Total Revenue": 40479000000.0, "Operating Revenue": 40479000000.0, "Ticker": "ORCL", "Other Non Operating Income Expenses": 211000000.0, "Restructuring And Mergern Acquisition": 569000000.0, "Earnings From Equity Interest Net Of Tax": NaN, "Gain On Sale Of Business": NaN, "Other Special Charges": NaN, "Depreciation Amortization Depletion Income Statement": 1379000000.0, "Depreciation And Amortization In Income Statement": 1379000000.0, "Amortization": 1379000000.0, "Amortization Of Intangibles Income Statement": 1379000000.0, "Impairment Of Capital Assets": NaN, "Otherunder Preferred Stock Dividend": NaN, "Minority Interests": NaN, "Gain On Sale Of Ppe": NaN, "Salaries And Wages": 136000000.0, "Rent Expense Supplemental": NaN}, "2020-05-31": {"Tax Effect Of Unusual Items": -78560000.0, "Tax Rate For Calcs": 0.16, "Normalized EBITDA": 17517000000.0, "Total Unusual Items": -491000000.0, "Total Unusual Items Excluding Goodwill": -491000000.0, "Net Income From Continuing Operation Net Minority Interest": 10135000000.0, "Reconciled Depreciation": 2968000000.0, "Reconciled Cost Of Revenue": 6556000000.0, "EBITDA": 17026000000.0, "EBIT": 14058000000.0, "Net Interest Income": -1468000000.0, "Interest Expense": 1995000000.0, "Interest Income": 527000000.0, "Normalized Income": 10547440000.0, "Net Income From Continuing And Discontinued Operation": 10135000000.0, "Total Expenses": 24866000000.0, "Total Operating Income As Reported": 13896000000.0, "Diluted Average Shares": 3294000000.0, "Basic Average Shares": 3211000000.0, "Diluted EPS": 3.08, "Basic EPS": 3.16, "Diluted NI Availto Com Stockholders": 10135000000.0, "Average Dilution Earnings": NaN, "Net Income Common Stockholders": 10135000000.0, "Net Income": 10135000000.0, "Net Income Including Noncontrolling Interests": 10135000000.0, "Net Income Continuous Operations": 10135000000.0, "Tax Provision": 1928000000.0, "Pretax Income": 12063000000.0, "Other Income Expense": -671000000.0, "Special Income Charges": -306000000.0, "Write Off": NaN, "Earnings From Equity Interest": -164000000.0, "Gain On Sale Of Security": -185000000.0, "Net Non Operating Interest Income Expense": -1468000000.0, "Total Other Finance Cost": NaN, "Interest Expense Non Operating": 1995000000.0, "Interest Income Non Operating": 527000000.0, "Operating Income": 14202000000.0, "Operating Expense": 16928000000.0, "Other Operating Expenses": 51000000.0, "Research And Development": 6067000000.0, "Selling General And Administration": 9275000000.0, "Selling And Marketing Expense": 8094000000.0, "General And Administrative Expense": 1181000000.0, "Other Gand A": 1181000000.0, "Gross Profit": 31130000000.0, "Cost Of Revenue": 7938000000.0, "Total Revenue": 39068000000.0, "Operating Revenue": 39068000000.0, "Ticker": "ORCL", "Other Non Operating Income Expenses": -16000000.0, "Restructuring And Mergern Acquisition": 306000000.0, "Earnings From Equity Interest Net Of Tax": NaN, "Gain On Sale Of Business": NaN, "Other Special Charges": NaN, "Depreciation Amortization Depletion Income Statement": 1586000000.0, "Depreciation And Amortization In Income Statement": 1586000000.0, "Amortization": 1586000000.0, "Amortization Of Intangibles Income Statement": 1586000000.0, "Impairment Of Capital Assets": NaN, "Otherunder Preferred Stock Dividend": NaN, "Minority Interests": NaN, "Gain On Sale Of Ppe": NaN, "Salaries And Wages": 119000000.0, "Rent Expense Supplemental": NaN}, "2019-05-31": {"Tax Effect Of Unusual Items": NaN, "Tax Rate For Calcs": NaN, "Normalized EBITDA": NaN, "Total Unusual Items": NaN, "Total Unusual Items Excluding Goodwill": NaN, "Net Income From Continuing Operation Net Minority Interest": NaN, "Reconciled Depreciation": NaN, "Reconciled Cost Of Revenue": NaN, "EBITDA": NaN, "EBIT": NaN, "Net Interest Income": NaN, "Interest Expense": NaN, "Interest Income": NaN, "Normalized Income": NaN, "Net Income From Continuing And Discontinued Operation": NaN, "Total Expenses": NaN, "Total Operating Income As Reported": NaN, "Diluted Average Shares": NaN, "Basic Average Shares": NaN, "Diluted EPS": NaN, "Basic EPS": NaN, "Diluted NI Availto Com Stockholders": NaN, "Average Dilution Earnings": NaN, "Net Income Common Stockholders": NaN, "Net Income": NaN, "Net Income Including Noncontrolling Interests": NaN, "Net Income Continuous Operations": NaN, "Tax Provision": NaN, "Pretax Income": NaN, "Other Income Expense": NaN, "Special Income Charges": NaN, "Write Off": NaN, "Earnings From Equity Interest": NaN, "Gain On Sale Of Security": NaN, "Net Non Operating Interest Income Expense": NaN, "Total Other Finance Cost": NaN, "Interest Expense Non Operating": NaN, "Interest Income Non Operating": NaN, "Operating Income": NaN, "Operating Expense": NaN, "Other Operating Expenses": NaN, "Research And Development": NaN, "Selling General And Administration": NaN, "Selling And Marketing Expense": NaN, "General And Administrative Expense": NaN, "Other Gand A": NaN, "Gross Profit": NaN, "Cost Of Revenue": NaN, "Total Revenue": NaN, "Operating Revenue": NaN, "Ticker": "ORCL", "Other Non Operating Income Expenses": NaN, "Restructuring And Mergern Acquisition": NaN, "Earnings From Equity Interest Net Of Tax": NaN, "Gain On Sale Of Business": NaN, "Other Special Charges": NaN, "Depreciation Amortization Depletion Income Statement": NaN, "Depreciation And Amortization In Income Statement": NaN, "Amortization": NaN, "Amortization Of Intangibles Income Statement": NaN, "Impairment Of Capital Assets": NaN, "Otherunder Preferred Stock Dividend": NaN, "Minority Interests": NaN, "Gain On Sale Of Ppe": NaN, "Salaries And Wages": 172000000.0, "Rent Expense Supplemental": NaN}}